%YAML 1.1
%TAG !u! tag:unity3d.com,2011:
--- !u!1001 &100100000
Prefab:
  m_ObjectHideFlags: 1
  serializedVersion: 2
  m_Modification:
    m_TransformParent: {fileID: 0}
    m_Modifications: []
    m_RemovedComponents: []
  m_SourcePrefab: {fileID: 0}
  m_RootGameObject: {fileID: 1067247155998942}
  m_IsPrefabAsset: 1
--- !u!1 &1006746371848286
GameObject:
  m_ObjectHideFlags: 1
  m_CorrespondingSourceObject: {fileID: 0}
  m_PrefabInternal: {fileID: 100100000}
  serializedVersion: 6
  m_Component:
  - component: {fileID: 4830904317256374}
  m_Layer: 0
  m_Name: mixamorig:RightHandMiddle4
  m_TagString: Untagged
  m_Icon: {fileID: 0}
  m_NavMeshLayer: 0
  m_StaticEditorFlags: 0
  m_IsActive: 1
--- !u!1 &1015258140469164
GameObject:
  m_ObjectHideFlags: 1
  m_CorrespondingSourceObject: {fileID: 0}
  m_PrefabInternal: {fileID: 100100000}
  serializedVersion: 6
  m_Component:
  - component: {fileID: 4795174244421272}
  m_Layer: 0
  m_Name: mixamorig:RightHandThumb1
  m_TagString: Untagged
  m_Icon: {fileID: 0}
  m_NavMeshLayer: 0
  m_StaticEditorFlags: 0
  m_IsActive: 1
--- !u!1 &1023882422714742
GameObject:
  m_ObjectHideFlags: 1
  m_CorrespondingSourceObject: {fileID: 0}
  m_PrefabInternal: {fileID: 100100000}
  serializedVersion: 6
  m_Component:
  - component: {fileID: 4072891927134498}
  m_Layer: 0
  m_Name: mixamorig:LeftHandMiddle1
  m_TagString: Untagged
  m_Icon: {fileID: 0}
  m_NavMeshLayer: 0
  m_StaticEditorFlags: 0
  m_IsActive: 1
--- !u!1 &1024636373124684
GameObject:
  m_ObjectHideFlags: 1
  m_CorrespondingSourceObject: {fileID: 0}
  m_PrefabInternal: {fileID: 100100000}
  serializedVersion: 6
  m_Component:
  - component: {fileID: 4630989085468196}
  m_Layer: 0
  m_Name: mixamorig:LeftHandPinky2
  m_TagString: Untagged
  m_Icon: {fileID: 0}
  m_NavMeshLayer: 0
  m_StaticEditorFlags: 0
  m_IsActive: 1
--- !u!1 &1024759150956314
GameObject:
  m_ObjectHideFlags: 1
  m_CorrespondingSourceObject: {fileID: 0}
  m_PrefabInternal: {fileID: 100100000}
  serializedVersion: 6
  m_Component:
  - component: {fileID: 4903550464231644}
  m_Layer: 0
  m_Name: mixamorig:RightHandThumb3
  m_TagString: Untagged
  m_Icon: {fileID: 0}
  m_NavMeshLayer: 0
  m_StaticEditorFlags: 0
  m_IsActive: 1
--- !u!1 &1025637635986056
GameObject:
  m_ObjectHideFlags: 1
  m_CorrespondingSourceObject: {fileID: 0}
  m_PrefabInternal: {fileID: 100100000}
  serializedVersion: 6
  m_Component:
  - component: {fileID: 4218413817058416}
  m_Layer: 0
  m_Name: mixamorig:RightHandRing1
  m_TagString: Untagged
  m_Icon: {fileID: 0}
  m_NavMeshLayer: 0
  m_StaticEditorFlags: 0
  m_IsActive: 1
--- !u!1 &1029757491879570
GameObject:
  m_ObjectHideFlags: 1
  m_CorrespondingSourceObject: {fileID: 0}
  m_PrefabInternal: {fileID: 100100000}
  serializedVersion: 6
  m_Component:
  - component: {fileID: 4884954198990996}
  m_Layer: 0
  m_Name: mixamorig:LeftToe_End
  m_TagString: Untagged
  m_Icon: {fileID: 0}
  m_NavMeshLayer: 0
  m_StaticEditorFlags: 0
  m_IsActive: 1
--- !u!1 &1067247155998942
GameObject:
  m_ObjectHideFlags: 0
  m_CorrespondingSourceObject: {fileID: 0}
  m_PrefabInternal: {fileID: 100100000}
  serializedVersion: 6
  m_Component:
  - component: {fileID: 4072539294501052}
  - component: {fileID: 95839069594537050}
  - component: {fileID: 54390774848437990}
  - component: {fileID: 136239554516645124}
  m_Layer: 0
  m_Name: AllyStrategyPrefab
  m_TagString: Enemy
  m_Icon: {fileID: 0}
  m_NavMeshLayer: 0
  m_StaticEditorFlags: 0
  m_IsActive: 1
--- !u!1 &1105860559904280
GameObject:
  m_ObjectHideFlags: 1
  m_CorrespondingSourceObject: {fileID: 0}
  m_PrefabInternal: {fileID: 100100000}
  serializedVersion: 6
  m_Component:
  - component: {fileID: 4257869280225370}
  m_Layer: 0
  m_Name: mixamorig:LeftLeg
  m_TagString: Untagged
  m_Icon: {fileID: 0}
  m_NavMeshLayer: 0
  m_StaticEditorFlags: 0
  m_IsActive: 1
--- !u!1 &1156752312841500
GameObject:
  m_ObjectHideFlags: 1
  m_CorrespondingSourceObject: {fileID: 0}
  m_PrefabInternal: {fileID: 100100000}
  serializedVersion: 6
  m_Component:
  - component: {fileID: 4212122425462860}
  m_Layer: 0
  m_Name: mixamorig:RightHandIndex4
  m_TagString: Untagged
  m_Icon: {fileID: 0}
  m_NavMeshLayer: 0
  m_StaticEditorFlags: 0
  m_IsActive: 1
--- !u!1 &1188304336407980
GameObject:
  m_ObjectHideFlags: 1
  m_CorrespondingSourceObject: {fileID: 0}
  m_PrefabInternal: {fileID: 100100000}
  serializedVersion: 6
  m_Component:
  - component: {fileID: 4755710242906214}
  m_Layer: 0
  m_Name: mixamorig:LeftHandRing4
  m_TagString: Untagged
  m_Icon: {fileID: 0}
  m_NavMeshLayer: 0
  m_StaticEditorFlags: 0
  m_IsActive: 1
--- !u!1 &1189911533603162
GameObject:
  m_ObjectHideFlags: 1
  m_CorrespondingSourceObject: {fileID: 0}
  m_PrefabInternal: {fileID: 100100000}
  serializedVersion: 6
  m_Component:
  - component: {fileID: 4409676524384646}
  m_Layer: 0
  m_Name: mixamorig:RightHandRing2
  m_TagString: Untagged
  m_Icon: {fileID: 0}
  m_NavMeshLayer: 0
  m_StaticEditorFlags: 0
  m_IsActive: 1
--- !u!1 &1197405738327030
GameObject:
  m_ObjectHideFlags: 1
  m_CorrespondingSourceObject: {fileID: 0}
  m_PrefabInternal: {fileID: 100100000}
  serializedVersion: 6
  m_Component:
  - component: {fileID: 4903589112833940}
  m_Layer: 0
  m_Name: mixamorig:LeftHand
  m_TagString: Untagged
  m_Icon: {fileID: 0}
  m_NavMeshLayer: 0
  m_StaticEditorFlags: 0
  m_IsActive: 1
--- !u!1 &1208730641560710
GameObject:
  m_ObjectHideFlags: 1
  m_CorrespondingSourceObject: {fileID: 0}
  m_PrefabInternal: {fileID: 100100000}
  serializedVersion: 6
  m_Component:
  - component: {fileID: 4014250499101914}
  m_Layer: 0
  m_Name: mixamorig:RightHandMiddle2
  m_TagString: Untagged
  m_Icon: {fileID: 0}
  m_NavMeshLayer: 0
  m_StaticEditorFlags: 0
  m_IsActive: 1
--- !u!1 &1218306343405242
GameObject:
  m_ObjectHideFlags: 1
  m_CorrespondingSourceObject: {fileID: 0}
  m_PrefabInternal: {fileID: 100100000}
  serializedVersion: 6
  m_Component:
  - component: {fileID: 4777881492177726}
  m_Layer: 0
  m_Name: mixamorig:RightHandPinky1
  m_TagString: Untagged
  m_Icon: {fileID: 0}
  m_NavMeshLayer: 0
  m_StaticEditorFlags: 0
  m_IsActive: 1
--- !u!1 &1237760317104500
GameObject:
  m_ObjectHideFlags: 1
  m_CorrespondingSourceObject: {fileID: 0}
  m_PrefabInternal: {fileID: 100100000}
  serializedVersion: 6
  m_Component:
  - component: {fileID: 4372411784345738}
  m_Layer: 0
  m_Name: mixamorig:RightHandPinky4
  m_TagString: Untagged
  m_Icon: {fileID: 0}
  m_NavMeshLayer: 0
  m_StaticEditorFlags: 0
  m_IsActive: 1
--- !u!1 &1247575242716944
GameObject:
  m_ObjectHideFlags: 1
  m_CorrespondingSourceObject: {fileID: 0}
  m_PrefabInternal: {fileID: 100100000}
  serializedVersion: 6
  m_Component:
  - component: {fileID: 4196363722236364}
  m_Layer: 0
  m_Name: mixamorig:LeftHandIndex2
  m_TagString: Untagged
  m_Icon: {fileID: 0}
  m_NavMeshLayer: 0
  m_StaticEditorFlags: 0
  m_IsActive: 1
--- !u!1 &1272543899737352
GameObject:
  m_ObjectHideFlags: 1
  m_CorrespondingSourceObject: {fileID: 0}
  m_PrefabInternal: {fileID: 100100000}
  serializedVersion: 6
  m_Component:
  - component: {fileID: 4920576589785180}
  m_Layer: 0
  m_Name: mixamorig:RightForeArm
  m_TagString: Untagged
  m_Icon: {fileID: 0}
  m_NavMeshLayer: 0
  m_StaticEditorFlags: 0
  m_IsActive: 1
--- !u!1 &1292061731899866
GameObject:
  m_ObjectHideFlags: 1
  m_CorrespondingSourceObject: {fileID: 0}
  m_PrefabInternal: {fileID: 100100000}
  serializedVersion: 6
  m_Component:
  - component: {fileID: 4612853247231210}
  m_Layer: 0
  m_Name: mixamorig:RightHandThumb4
  m_TagString: Untagged
  m_Icon: {fileID: 0}
  m_NavMeshLayer: 0
  m_StaticEditorFlags: 0
  m_IsActive: 1
--- !u!1 &1297347127935646
GameObject:
  m_ObjectHideFlags: 1
  m_CorrespondingSourceObject: {fileID: 0}
  m_PrefabInternal: {fileID: 100100000}
  serializedVersion: 6
  m_Component:
  - component: {fileID: 4721609476856462}
  m_Layer: 0
  m_Name: mixamorig:LeftHandMiddle2
  m_TagString: Untagged
  m_Icon: {fileID: 0}
  m_NavMeshLayer: 0
  m_StaticEditorFlags: 0
  m_IsActive: 1
--- !u!1 &1303712286769026
GameObject:
  m_ObjectHideFlags: 1
  m_CorrespondingSourceObject: {fileID: 0}
  m_PrefabInternal: {fileID: 100100000}
  serializedVersion: 6
  m_Component:
  - component: {fileID: 4107890086469436}
  m_Layer: 0
  m_Name: mixamorig:LeftHandIndex4
  m_TagString: Untagged
  m_Icon: {fileID: 0}
  m_NavMeshLayer: 0
  m_StaticEditorFlags: 0
  m_IsActive: 1
--- !u!1 &1307176729254502
GameObject:
  m_ObjectHideFlags: 1
  m_CorrespondingSourceObject: {fileID: 0}
  m_PrefabInternal: {fileID: 100100000}
  serializedVersion: 6
  m_Component:
  - component: {fileID: 4621695703887242}
  m_Layer: 0
  m_Name: mixamorig:LeftForeArm
  m_TagString: Untagged
  m_Icon: {fileID: 0}
  m_NavMeshLayer: 0
  m_StaticEditorFlags: 0
  m_IsActive: 1
--- !u!1 &1311197636206640
GameObject:
  m_ObjectHideFlags: 1
  m_CorrespondingSourceObject: {fileID: 0}
  m_PrefabInternal: {fileID: 100100000}
  serializedVersion: 6
  m_Component:
  - component: {fileID: 4722931176113422}
  m_Layer: 0
  m_Name: mixamorig:LeftUpLeg
  m_TagString: Untagged
  m_Icon: {fileID: 0}
  m_NavMeshLayer: 0
  m_StaticEditorFlags: 0
  m_IsActive: 1
--- !u!1 &1321087687877952
GameObject:
  m_ObjectHideFlags: 1
  m_CorrespondingSourceObject: {fileID: 0}
  m_PrefabInternal: {fileID: 100100000}
  serializedVersion: 6
  m_Component:
  - component: {fileID: 4845219134178556}
  m_Layer: 0
  m_Name: mixamorig:RightHandIndex1
  m_TagString: Untagged
  m_Icon: {fileID: 0}
  m_NavMeshLayer: 0
  m_StaticEditorFlags: 0
  m_IsActive: 1
--- !u!1 &1331807181010188
GameObject:
  m_ObjectHideFlags: 1
  m_CorrespondingSourceObject: {fileID: 0}
  m_PrefabInternal: {fileID: 100100000}
  serializedVersion: 6
  m_Component:
  - component: {fileID: 4571580442667032}
  m_Layer: 0
  m_Name: mixamorig:RightHandPinky3
  m_TagString: Untagged
  m_Icon: {fileID: 0}
  m_NavMeshLayer: 0
  m_StaticEditorFlags: 0
  m_IsActive: 1
--- !u!1 &1339997673700660
GameObject:
  m_ObjectHideFlags: 0
  m_CorrespondingSourceObject: {fileID: 0}
  m_PrefabInternal: {fileID: 100100000}
  serializedVersion: 6
  m_Component:
  - component: {fileID: 4877852513323182}
  - component: {fileID: 137266572184269530}
  m_Layer: 0
  m_Name: Alpha_Joints
  m_TagString: Untagged
  m_Icon: {fileID: 0}
  m_NavMeshLayer: 0
  m_StaticEditorFlags: 0
  m_IsActive: 1
--- !u!1 &1344150825459466
GameObject:
  m_ObjectHideFlags: 1
  m_CorrespondingSourceObject: {fileID: 0}
  m_PrefabInternal: {fileID: 100100000}
  serializedVersion: 6
  m_Component:
  - component: {fileID: 4506391948883518}
  m_Layer: 0
  m_Name: mixamorig:RightHand
  m_TagString: Untagged
  m_Icon: {fileID: 0}
  m_NavMeshLayer: 0
  m_StaticEditorFlags: 0
  m_IsActive: 1
--- !u!1 &1354149165240566
GameObject:
  m_ObjectHideFlags: 1
  m_CorrespondingSourceObject: {fileID: 0}
  m_PrefabInternal: {fileID: 100100000}
  serializedVersion: 6
  m_Component:
  - component: {fileID: 4626207181801906}
  - component: {fileID: 33894977736209688}
  - component: {fileID: 23663269051519050}
  - component: {fileID: 65365805309338344}
  m_Layer: 0
  m_Name: Cube
  m_TagString: Untagged
  m_Icon: {fileID: 0}
  m_NavMeshLayer: 0
  m_StaticEditorFlags: 0
  m_IsActive: 1
--- !u!1 &1364543891216798
GameObject:
  m_ObjectHideFlags: 1
  m_CorrespondingSourceObject: {fileID: 0}
  m_PrefabInternal: {fileID: 100100000}
  serializedVersion: 6
  m_Component:
  - component: {fileID: 4720434422325330}
  m_Layer: 0
  m_Name: mixamorig:LeftHandThumb2
  m_TagString: Untagged
  m_Icon: {fileID: 0}
  m_NavMeshLayer: 0
  m_StaticEditorFlags: 0
  m_IsActive: 1
--- !u!1 &1373831880170182
GameObject:
  m_ObjectHideFlags: 1
  m_CorrespondingSourceObject: {fileID: 0}
  m_PrefabInternal: {fileID: 100100000}
  serializedVersion: 6
  m_Component:
  - component: {fileID: 4632643189626178}
  m_Layer: 0
  m_Name: mixamorig:RightEye
  m_TagString: Untagged
  m_Icon: {fileID: 0}
  m_NavMeshLayer: 0
  m_StaticEditorFlags: 0
  m_IsActive: 1
--- !u!1 &1391219318461834
GameObject:
  m_ObjectHideFlags: 1
  m_CorrespondingSourceObject: {fileID: 0}
  m_PrefabInternal: {fileID: 100100000}
  serializedVersion: 6
  m_Component:
  - component: {fileID: 4409525021371078}
  m_Layer: 0
  m_Name: mixamorig:RightToeBase
  m_TagString: Untagged
  m_Icon: {fileID: 0}
  m_NavMeshLayer: 0
  m_StaticEditorFlags: 0
  m_IsActive: 1
--- !u!1 &1403774945127120
GameObject:
  m_ObjectHideFlags: 0
  m_CorrespondingSourceObject: {fileID: 0}
  m_PrefabInternal: {fileID: 100100000}
  serializedVersion: 6
  m_Component:
  - component: {fileID: 4322386807629658}
  - component: {fileID: 137965712534219730}
  m_Layer: 0
  m_Name: Alpha_Surface
  m_TagString: Untagged
  m_Icon: {fileID: 0}
  m_NavMeshLayer: 0
  m_StaticEditorFlags: 0
  m_IsActive: 1
--- !u!1 &1413835227645118
GameObject:
  m_ObjectHideFlags: 1
  m_CorrespondingSourceObject: {fileID: 0}
  m_PrefabInternal: {fileID: 100100000}
  serializedVersion: 6
  m_Component:
  - component: {fileID: 4218473780911868}
  m_Layer: 0
  m_Name: mixamorig:RightHandPinky2
  m_TagString: Untagged
  m_Icon: {fileID: 0}
  m_NavMeshLayer: 0
  m_StaticEditorFlags: 0
  m_IsActive: 1
--- !u!1 &1426081263169216
GameObject:
  m_ObjectHideFlags: 1
  m_CorrespondingSourceObject: {fileID: 0}
  m_PrefabInternal: {fileID: 100100000}
  serializedVersion: 6
  m_Component:
  - component: {fileID: 4717117329153214}
  m_Layer: 0
  m_Name: mixamorig:RightHandRing4
  m_TagString: Untagged
  m_Icon: {fileID: 0}
  m_NavMeshLayer: 0
  m_StaticEditorFlags: 0
  m_IsActive: 1
--- !u!1 &1431992086383602
GameObject:
  m_ObjectHideFlags: 1
  m_CorrespondingSourceObject: {fileID: 0}
  m_PrefabInternal: {fileID: 100100000}
  serializedVersion: 6
  m_Component:
  - component: {fileID: 4608276714543046}
  m_Layer: 0
  m_Name: mixamorig:RightHandMiddle3
  m_TagString: Untagged
  m_Icon: {fileID: 0}
  m_NavMeshLayer: 0
  m_StaticEditorFlags: 0
  m_IsActive: 1
--- !u!1 &1445283384149512
GameObject:
  m_ObjectHideFlags: 1
  m_CorrespondingSourceObject: {fileID: 0}
  m_PrefabInternal: {fileID: 100100000}
  serializedVersion: 6
  m_Component:
  - component: {fileID: 4605973348090094}
  m_Layer: 0
  m_Name: mixamorig:LeftHandThumb4
  m_TagString: Untagged
  m_Icon: {fileID: 0}
  m_NavMeshLayer: 0
  m_StaticEditorFlags: 0
  m_IsActive: 1
--- !u!1 &1467282332830296
GameObject:
  m_ObjectHideFlags: 1
  m_CorrespondingSourceObject: {fileID: 0}
  m_PrefabInternal: {fileID: 100100000}
  serializedVersion: 6
  m_Component:
  - component: {fileID: 4905692783037792}
  m_Layer: 0
  m_Name: mixamorig:RightHandIndex2
  m_TagString: Untagged
  m_Icon: {fileID: 0}
  m_NavMeshLayer: 0
  m_StaticEditorFlags: 0
  m_IsActive: 1
--- !u!1 &1469547946773162
GameObject:
  m_ObjectHideFlags: 1
  m_CorrespondingSourceObject: {fileID: 0}
  m_PrefabInternal: {fileID: 100100000}
  serializedVersion: 6
  m_Component:
  - component: {fileID: 4850929036734210}
  m_Layer: 0
  m_Name: mixamorig:Spine1
  m_TagString: Untagged
  m_Icon: {fileID: 0}
  m_NavMeshLayer: 0
  m_StaticEditorFlags: 0
  m_IsActive: 1
--- !u!1 &1473268446320128
GameObject:
  m_ObjectHideFlags: 1
  m_CorrespondingSourceObject: {fileID: 0}
  m_PrefabInternal: {fileID: 100100000}
  serializedVersion: 6
  m_Component:
  - component: {fileID: 4213465029632866}
  m_Layer: 0
  m_Name: mixamorig:RightFoot
  m_TagString: Untagged
  m_Icon: {fileID: 0}
  m_NavMeshLayer: 0
  m_StaticEditorFlags: 0
  m_IsActive: 1
--- !u!1 &1486897297147904
GameObject:
  m_ObjectHideFlags: 1
  m_CorrespondingSourceObject: {fileID: 0}
  m_PrefabInternal: {fileID: 100100000}
  serializedVersion: 6
  m_Component:
  - component: {fileID: 4949338471567552}
  m_Layer: 0
  m_Name: mixamorig:RightUpLeg
  m_TagString: Untagged
  m_Icon: {fileID: 0}
  m_NavMeshLayer: 0
  m_StaticEditorFlags: 0
  m_IsActive: 1
--- !u!1 &1497806069408592
GameObject:
  m_ObjectHideFlags: 1
  m_CorrespondingSourceObject: {fileID: 0}
  m_PrefabInternal: {fileID: 100100000}
  serializedVersion: 6
  m_Component:
  - component: {fileID: 4790122689247862}
  m_Layer: 0
  m_Name: mixamorig:LeftHandPinky3
  m_TagString: Untagged
  m_Icon: {fileID: 0}
  m_NavMeshLayer: 0
  m_StaticEditorFlags: 0
  m_IsActive: 1
--- !u!1 &1498963764094174
GameObject:
  m_ObjectHideFlags: 1
  m_CorrespondingSourceObject: {fileID: 0}
  m_PrefabInternal: {fileID: 100100000}
  serializedVersion: 6
  m_Component:
  - component: {fileID: 4812724805133900}
  m_Layer: 0
  m_Name: mixamorig:LeftHandMiddle4
  m_TagString: Untagged
  m_Icon: {fileID: 0}
  m_NavMeshLayer: 0
  m_StaticEditorFlags: 0
  m_IsActive: 1
--- !u!1 &1500552629989184
GameObject:
  m_ObjectHideFlags: 1
  m_CorrespondingSourceObject: {fileID: 0}
  m_PrefabInternal: {fileID: 100100000}
  serializedVersion: 6
  m_Component:
  - component: {fileID: 4997265104288718}
  m_Layer: 0
  m_Name: mixamorig:Spine
  m_TagString: Untagged
  m_Icon: {fileID: 0}
  m_NavMeshLayer: 0
  m_StaticEditorFlags: 0
  m_IsActive: 1
--- !u!1 &1500718351968550
GameObject:
  m_ObjectHideFlags: 1
  m_CorrespondingSourceObject: {fileID: 0}
  m_PrefabInternal: {fileID: 100100000}
  serializedVersion: 6
  m_Component:
  - component: {fileID: 4685794576170558}
  m_Layer: 0
  m_Name: mixamorig:RightShoulder
  m_TagString: Untagged
  m_Icon: {fileID: 0}
  m_NavMeshLayer: 0
  m_StaticEditorFlags: 0
  m_IsActive: 1
--- !u!1 &1503153412557170
GameObject:
  m_ObjectHideFlags: 1
  m_CorrespondingSourceObject: {fileID: 0}
  m_PrefabInternal: {fileID: 100100000}
  serializedVersion: 6
  m_Component:
  - component: {fileID: 4575498216969606}
  m_Layer: 0
  m_Name: mixamorig:LeftHandIndex1
  m_TagString: Untagged
  m_Icon: {fileID: 0}
  m_NavMeshLayer: 0
  m_StaticEditorFlags: 0
  m_IsActive: 1
--- !u!1 &1509100391897236
GameObject:
  m_ObjectHideFlags: 0
  m_CorrespondingSourceObject: {fileID: 0}
  m_PrefabInternal: {fileID: 100100000}
  serializedVersion: 6
  m_Component:
  - component: {fileID: 4314081006454560}
  m_Layer: 0
  m_Name: mixamorig:Hips
  m_TagString: Untagged
  m_Icon: {fileID: 0}
  m_NavMeshLayer: 0
  m_StaticEditorFlags: 0
  m_IsActive: 1
--- !u!1 &1548306103326748
GameObject:
  m_ObjectHideFlags: 1
  m_CorrespondingSourceObject: {fileID: 0}
  m_PrefabInternal: {fileID: 100100000}
  serializedVersion: 6
  m_Component:
  - component: {fileID: 4636738117384800}
  m_Layer: 0
  m_Name: mixamorig:RightArm
  m_TagString: Untagged
  m_Icon: {fileID: 0}
  m_NavMeshLayer: 0
  m_StaticEditorFlags: 0
  m_IsActive: 1
--- !u!1 &1566841451946342
GameObject:
  m_ObjectHideFlags: 1
  m_CorrespondingSourceObject: {fileID: 0}
  m_PrefabInternal: {fileID: 100100000}
  serializedVersion: 6
  m_Component:
  - component: {fileID: 4887445386030566}
  m_Layer: 0
  m_Name: mixamorig:LeftEye
  m_TagString: Untagged
  m_Icon: {fileID: 0}
  m_NavMeshLayer: 0
  m_StaticEditorFlags: 0
  m_IsActive: 1
--- !u!1 &1584059963358680
GameObject:
  m_ObjectHideFlags: 1
  m_CorrespondingSourceObject: {fileID: 0}
  m_PrefabInternal: {fileID: 100100000}
  serializedVersion: 6
  m_Component:
  - component: {fileID: 4905924894030238}
  m_Layer: 0
  m_Name: mixamorig:RightHandIndex3
  m_TagString: Untagged
  m_Icon: {fileID: 0}
  m_NavMeshLayer: 0
  m_StaticEditorFlags: 0
  m_IsActive: 1
--- !u!1 &1591890927189754
GameObject:
  m_ObjectHideFlags: 1
  m_CorrespondingSourceObject: {fileID: 0}
  m_PrefabInternal: {fileID: 100100000}
  serializedVersion: 6
  m_Component:
  - component: {fileID: 4589037268887478}
  m_Layer: 0
  m_Name: mixamorig:LeftToeBase
  m_TagString: Untagged
  m_Icon: {fileID: 0}
  m_NavMeshLayer: 0
  m_StaticEditorFlags: 0
  m_IsActive: 1
--- !u!1 &1667056507978460
GameObject:
  m_ObjectHideFlags: 1
  m_CorrespondingSourceObject: {fileID: 0}
  m_PrefabInternal: {fileID: 100100000}
  serializedVersion: 6
  m_Component:
  - component: {fileID: 4066862237532156}
  m_Layer: 0
  m_Name: mixamorig:LeftShoulder
  m_TagString: Untagged
  m_Icon: {fileID: 0}
  m_NavMeshLayer: 0
  m_StaticEditorFlags: 0
  m_IsActive: 1
--- !u!1 &1675472807381468
GameObject:
  m_ObjectHideFlags: 1
  m_CorrespondingSourceObject: {fileID: 0}
  m_PrefabInternal: {fileID: 100100000}
  serializedVersion: 6
  m_Component:
  - component: {fileID: 4849084070162858}
  m_Layer: 0
  m_Name: mixamorig:LeftHandThumb1
  m_TagString: Untagged
  m_Icon: {fileID: 0}
  m_NavMeshLayer: 0
  m_StaticEditorFlags: 0
  m_IsActive: 1
--- !u!1 &1679912951548640
GameObject:
  m_ObjectHideFlags: 1
  m_CorrespondingSourceObject: {fileID: 0}
  m_PrefabInternal: {fileID: 100100000}
  serializedVersion: 6
  m_Component:
  - component: {fileID: 4914162178551242}
  m_Layer: 0
  m_Name: mixamorig:LeftHandRing2
  m_TagString: Untagged
  m_Icon: {fileID: 0}
  m_NavMeshLayer: 0
  m_StaticEditorFlags: 0
  m_IsActive: 1
--- !u!1 &1681555873402502
GameObject:
  m_ObjectHideFlags: 1
  m_CorrespondingSourceObject: {fileID: 0}
  m_PrefabInternal: {fileID: 100100000}
  serializedVersion: 6
  m_Component:
  - component: {fileID: 4357950660276804}
  m_Layer: 0
  m_Name: mixamorig:LeftHandRing3
  m_TagString: Untagged
  m_Icon: {fileID: 0}
  m_NavMeshLayer: 0
  m_StaticEditorFlags: 0
  m_IsActive: 1
--- !u!1 &1711807488717344
GameObject:
  m_ObjectHideFlags: 1
  m_CorrespondingSourceObject: {fileID: 0}
  m_PrefabInternal: {fileID: 100100000}
  serializedVersion: 6
  m_Component:
  - component: {fileID: 4400297641035072}
  m_Layer: 0
  m_Name: mixamorig:LeftHandMiddle3
  m_TagString: Untagged
  m_Icon: {fileID: 0}
  m_NavMeshLayer: 0
  m_StaticEditorFlags: 0
  m_IsActive: 1
--- !u!1 &1748574609722402
GameObject:
  m_ObjectHideFlags: 1
  m_CorrespondingSourceObject: {fileID: 0}
  m_PrefabInternal: {fileID: 100100000}
  serializedVersion: 6
  m_Component:
  - component: {fileID: 4311869743888256}
  m_Layer: 0
  m_Name: mixamorig:Head
  m_TagString: Untagged
  m_Icon: {fileID: 0}
  m_NavMeshLayer: 0
  m_StaticEditorFlags: 0
  m_IsActive: 1
--- !u!1 &1754899530027522
GameObject:
  m_ObjectHideFlags: 1
  m_CorrespondingSourceObject: {fileID: 0}
  m_PrefabInternal: {fileID: 100100000}
  serializedVersion: 6
  m_Component:
  - component: {fileID: 4256633310279018}
  m_Layer: 0
  m_Name: mixamorig:LeftFoot
  m_TagString: Untagged
  m_Icon: {fileID: 0}
  m_NavMeshLayer: 0
  m_StaticEditorFlags: 0
  m_IsActive: 1
--- !u!1 &1793044108071412
GameObject:
  m_ObjectHideFlags: 1
  m_CorrespondingSourceObject: {fileID: 0}
  m_PrefabInternal: {fileID: 100100000}
  serializedVersion: 6
  m_Component:
  - component: {fileID: 4853959555744278}
  m_Layer: 0
  m_Name: mixamorig:HeadTop_End
  m_TagString: Untagged
  m_Icon: {fileID: 0}
  m_NavMeshLayer: 0
  m_StaticEditorFlags: 0
  m_IsActive: 1
--- !u!1 &1807433697802214
GameObject:
  m_ObjectHideFlags: 1
  m_CorrespondingSourceObject: {fileID: 0}
  m_PrefabInternal: {fileID: 100100000}
  serializedVersion: 6
  m_Component:
  - component: {fileID: 4767085816738154}
  m_Layer: 0
  m_Name: mixamorig:LeftHandIndex3
  m_TagString: Untagged
  m_Icon: {fileID: 0}
  m_NavMeshLayer: 0
  m_StaticEditorFlags: 0
  m_IsActive: 1
--- !u!1 &1820492916630398
GameObject:
  m_ObjectHideFlags: 1
  m_CorrespondingSourceObject: {fileID: 0}
  m_PrefabInternal: {fileID: 100100000}
  serializedVersion: 6
  m_Component:
  - component: {fileID: 4778892219045312}
  m_Layer: 0
  m_Name: mixamorig:RightHandThumb2
  m_TagString: Untagged
  m_Icon: {fileID: 0}
  m_NavMeshLayer: 0
  m_StaticEditorFlags: 0
  m_IsActive: 1
--- !u!1 &1832380578043560
GameObject:
  m_ObjectHideFlags: 1
  m_CorrespondingSourceObject: {fileID: 0}
  m_PrefabInternal: {fileID: 100100000}
  serializedVersion: 6
  m_Component:
  - component: {fileID: 4386911156776720}
  m_Layer: 0
  m_Name: mixamorig:LeftArm
  m_TagString: Untagged
  m_Icon: {fileID: 0}
  m_NavMeshLayer: 0
  m_StaticEditorFlags: 0
  m_IsActive: 1
--- !u!1 &1866448687493124
GameObject:
  m_ObjectHideFlags: 1
  m_CorrespondingSourceObject: {fileID: 0}
  m_PrefabInternal: {fileID: 100100000}
  serializedVersion: 6
  m_Component:
  - component: {fileID: 4760237745481220}
  m_Layer: 0
  m_Name: mixamorig:LeftHandPinky4
  m_TagString: Untagged
  m_Icon: {fileID: 0}
  m_NavMeshLayer: 0
  m_StaticEditorFlags: 0
  m_IsActive: 1
--- !u!1 &1870908132303494
GameObject:
  m_ObjectHideFlags: 1
  m_CorrespondingSourceObject: {fileID: 0}
  m_PrefabInternal: {fileID: 100100000}
  serializedVersion: 6
  m_Component:
  - component: {fileID: 4430046945822168}
  m_Layer: 0
  m_Name: mixamorig:RightToe_End
  m_TagString: Untagged
  m_Icon: {fileID: 0}
  m_NavMeshLayer: 0
  m_StaticEditorFlags: 0
  m_IsActive: 1
--- !u!1 &1886611889171436
GameObject:
  m_ObjectHideFlags: 1
  m_CorrespondingSourceObject: {fileID: 0}
  m_PrefabInternal: {fileID: 100100000}
  serializedVersion: 6
  m_Component:
  - component: {fileID: 4097631448011834}
  m_Layer: 0
  m_Name: mixamorig:RightLeg
  m_TagString: Untagged
  m_Icon: {fileID: 0}
  m_NavMeshLayer: 0
  m_StaticEditorFlags: 0
  m_IsActive: 1
--- !u!1 &1897136795650734
GameObject:
  m_ObjectHideFlags: 1
  m_CorrespondingSourceObject: {fileID: 0}
  m_PrefabInternal: {fileID: 100100000}
  serializedVersion: 6
  m_Component:
  - component: {fileID: 4371042658176160}
  m_Layer: 0
  m_Name: mixamorig:LeftHandThumb3
  m_TagString: Untagged
  m_Icon: {fileID: 0}
  m_NavMeshLayer: 0
  m_StaticEditorFlags: 0
  m_IsActive: 1
--- !u!1 &1903893112204424
GameObject:
  m_ObjectHideFlags: 1
  m_CorrespondingSourceObject: {fileID: 0}
  m_PrefabInternal: {fileID: 100100000}
  serializedVersion: 6
  m_Component:
  - component: {fileID: 4905260281798356}
  m_Layer: 0
  m_Name: mixamorig:Spine2
  m_TagString: Untagged
  m_Icon: {fileID: 0}
  m_NavMeshLayer: 0
  m_StaticEditorFlags: 0
  m_IsActive: 1
--- !u!1 &1907911679004818
GameObject:
  m_ObjectHideFlags: 1
  m_CorrespondingSourceObject: {fileID: 0}
  m_PrefabInternal: {fileID: 100100000}
  serializedVersion: 6
  m_Component:
  - component: {fileID: 4022104387588912}
  m_Layer: 0
  m_Name: mixamorig:Neck
  m_TagString: Untagged
  m_Icon: {fileID: 0}
  m_NavMeshLayer: 0
  m_StaticEditorFlags: 0
  m_IsActive: 1
--- !u!1 &1908692005001636
GameObject:
  m_ObjectHideFlags: 1
  m_CorrespondingSourceObject: {fileID: 0}
  m_PrefabInternal: {fileID: 100100000}
  serializedVersion: 6
  m_Component:
  - component: {fileID: 4854061620315048}
  m_Layer: 0
  m_Name: mixamorig:LeftHandRing1
  m_TagString: Untagged
  m_Icon: {fileID: 0}
  m_NavMeshLayer: 0
  m_StaticEditorFlags: 0
  m_IsActive: 1
--- !u!1 &1912905221906172
GameObject:
  m_ObjectHideFlags: 1
  m_CorrespondingSourceObject: {fileID: 0}
  m_PrefabInternal: {fileID: 100100000}
  serializedVersion: 6
  m_Component:
  - component: {fileID: 4244457203412342}
  m_Layer: 0
  m_Name: mixamorig:RightHandRing3
  m_TagString: Untagged
  m_Icon: {fileID: 0}
  m_NavMeshLayer: 0
  m_StaticEditorFlags: 0
  m_IsActive: 1
--- !u!1 &1928016341888578
GameObject:
  m_ObjectHideFlags: 1
  m_CorrespondingSourceObject: {fileID: 0}
  m_PrefabInternal: {fileID: 100100000}
  serializedVersion: 6
  m_Component:
  - component: {fileID: 4154868438026324}
  m_Layer: 0
  m_Name: mixamorig:LeftHandPinky1
  m_TagString: Untagged
  m_Icon: {fileID: 0}
  m_NavMeshLayer: 0
  m_StaticEditorFlags: 0
  m_IsActive: 1
--- !u!1 &1953746466483364
GameObject:
  m_ObjectHideFlags: 1
  m_CorrespondingSourceObject: {fileID: 0}
  m_PrefabInternal: {fileID: 100100000}
  serializedVersion: 6
  m_Component:
  - component: {fileID: 4081562764168918}
  m_Layer: 0
  m_Name: mixamorig:RightHandMiddle1
  m_TagString: Untagged
  m_Icon: {fileID: 0}
  m_NavMeshLayer: 0
  m_StaticEditorFlags: 0
  m_IsActive: 1
--- !u!4 &4014250499101914
Transform:
  m_ObjectHideFlags: 1
  m_CorrespondingSourceObject: {fileID: 0}
  m_PrefabInternal: {fileID: 100100000}
  m_GameObject: {fileID: 1208730641560710}
  m_LocalRotation: {x: -0.000000014901161, y: -0.000000014901165, z: 7.764959e-13,
    w: 1}
  m_LocalPosition: {x: 0.036139715, y: 0.000000027565017, z: 0.000000030803374}
  m_LocalScale: {x: 1, y: 1, z: 1}
  m_Children:
  - {fileID: 4608276714543046}
  m_Father: {fileID: 4081562764168918}
  m_RootOrder: 0
  m_LocalEulerAnglesHint: {x: 0, y: 0, z: 0}
--- !u!4 &4022104387588912
Transform:
  m_ObjectHideFlags: 1
  m_CorrespondingSourceObject: {fileID: 0}
  m_PrefabInternal: {fileID: 100100000}
  m_GameObject: {fileID: 1907911679004818}
  m_LocalRotation: {x: -5.2041704e-18, y: 4.2632927e-14, z: 2.273737e-13, w: 1}
  m_LocalPosition: {x: -0.0000002520208, y: 0.15032491, z: 0.007929048}
  m_LocalScale: {x: 1, y: 1, z: 1}
  m_Children:
  - {fileID: 4311869743888256}
  m_Father: {fileID: 4905260281798356}
  m_RootOrder: 1
  m_LocalEulerAnglesHint: {x: 0, y: 0, z: 0}
--- !u!4 &4066862237532156
Transform:
  m_ObjectHideFlags: 1
  m_CorrespondingSourceObject: {fileID: 0}
  m_PrefabInternal: {fileID: 100100000}
  m_GameObject: {fileID: 1667056507978460}
  m_LocalRotation: {x: -0.000000044703484, y: 4.2632557e-14, z: -0.000000044703256,
    w: 1}
  m_LocalPosition: {x: -0.061058242, y: 0.09110424, z: 0.0070555084}
  m_LocalScale: {x: 1, y: 1, z: 1}
  m_Children:
  - {fileID: 4386911156776720}
  m_Father: {fileID: 4905260281798356}
  m_RootOrder: 0
  m_LocalEulerAnglesHint: {x: 0, y: 0, z: 0}
--- !u!4 &4072539294501052
Transform:
  m_ObjectHideFlags: 1
  m_CorrespondingSourceObject: {fileID: 0}
  m_PrefabInternal: {fileID: 100100000}
  m_GameObject: {fileID: 1067247155998942}
  m_LocalRotation: {x: 0, y: 0, z: 0, w: 1}
  m_LocalPosition: {x: 37.93, y: 1.549, z: 0}
  m_LocalScale: {x: 1, y: 1, z: 1}
  m_Children:
  - {fileID: 4877852513323182}
  - {fileID: 4322386807629658}
  - {fileID: 4314081006454560}
  m_Father: {fileID: 0}
  m_RootOrder: 0
  m_LocalEulerAnglesHint: {x: 0, y: 0, z: 0}
--- !u!4 &4072891927134498
Transform:
  m_ObjectHideFlags: 1
  m_CorrespondingSourceObject: {fileID: 0}
  m_PrefabInternal: {fileID: 100100000}
  m_GameObject: {fileID: 1023882422714742}
  m_LocalRotation: {x: 0.000000014901159, y: -0.000000044701945, z: 0.00000002980465,
    w: 1}
  m_LocalPosition: {x: -0.12775522, y: 0.00000013342024, z: 0.00000020418457}
  m_LocalScale: {x: 1, y: 1, z: 1}
  m_Children:
  - {fileID: 4721609476856462}
  m_Father: {fileID: 4903589112833940}
  m_RootOrder: 1
  m_LocalEulerAnglesHint: {x: 0, y: 0, z: 0}
--- !u!4 &4081562764168918
Transform:
  m_ObjectHideFlags: 1
  m_CorrespondingSourceObject: {fileID: 0}
  m_PrefabInternal: {fileID: 100100000}
  m_GameObject: {fileID: 1953746466483364}
  m_LocalRotation: {x: 0.000000014901159, y: 0.000000044701945, z: -0.00000002980465,
    w: 1}
  m_LocalPosition: {x: 0.12775522, y: 0.000000089457735, z: 0.00000018011639}
  m_LocalScale: {x: 1, y: 1, z: 1}
  m_Children:
  - {fileID: 4014250499101914}
  m_Father: {fileID: 4506391948883518}
  m_RootOrder: 1
  m_LocalEulerAnglesHint: {x: 0, y: 0, z: 0}
--- !u!4 &4097631448011834
Transform:
  m_ObjectHideFlags: 1
  m_CorrespondingSourceObject: {fileID: 0}
  m_PrefabInternal: {fileID: 100100000}
  m_GameObject: {fileID: 1886611889171436}
  m_LocalRotation: {x: 0.0000065525965, y: -0.000000021011672, z: -2.99793e-11, w: 1}
  m_LocalPosition: {x: 0.002446805, y: -0.40595436, z: -0.0051452797}
  m_LocalScale: {x: 1, y: 1, z: 1}
  m_Children:
  - {fileID: 4213465029632866}
  m_Father: {fileID: 4949338471567552}
  m_RootOrder: 0
  m_LocalEulerAnglesHint: {x: 0, y: 0, z: 0}
--- !u!4 &4107890086469436
Transform:
  m_ObjectHideFlags: 1
  m_CorrespondingSourceObject: {fileID: 0}
  m_PrefabInternal: {fileID: 100100000}
  m_GameObject: {fileID: 1303712286769026}
  m_LocalRotation: {x: 0, y: -0, z: -0, w: 1}
  m_LocalPosition: {x: -0.030779855, y: 7.926917e-10, z: -0.00000008560385}
  m_LocalScale: {x: 1, y: 1, z: 1}
  m_Children: []
  m_Father: {fileID: 4767085816738154}
  m_RootOrder: 0
  m_LocalEulerAnglesHint: {x: 0, y: 0, z: 0}
--- !u!4 &4154868438026324
Transform:
  m_ObjectHideFlags: 1
  m_CorrespondingSourceObject: {fileID: 0}
  m_PrefabInternal: {fileID: 100100000}
  m_GameObject: {fileID: 1928016341888578}
  m_LocalRotation: {x: 0.000000029802322, y: -0.000000014901934, z: -0.0000000149003885,
    w: 1}
  m_LocalPosition: {x: -0.10908195, y: -0.0022636496, z: -0.047258176}
  m_LocalScale: {x: 1, y: 1, z: 1}
  m_Children:
  - {fileID: 4630989085468196}
  m_Father: {fileID: 4903589112833940}
  m_RootOrder: 2
  m_LocalEulerAnglesHint: {x: 0, y: 0, z: 0}
--- !u!4 &4196363722236364
Transform:
  m_ObjectHideFlags: 1
  m_CorrespondingSourceObject: {fileID: 0}
  m_PrefabInternal: {fileID: 100100000}
  m_GameObject: {fileID: 1247575242716944}
  m_LocalRotation: {x: -0.00000010430813, y: 0.000000014901161, z: -7.7516346e-13,
    w: 1}
  m_LocalPosition: {x: -0.038919672, y: 0.000000016868665, z: 0.00000038721547}
  m_LocalScale: {x: 1, y: 1, z: 1}
  m_Children:
  - {fileID: 4767085816738154}
  m_Father: {fileID: 4575498216969606}
  m_RootOrder: 0
  m_LocalEulerAnglesHint: {x: 0, y: 0, z: 0}
--- !u!4 &4212122425462860
Transform:
  m_ObjectHideFlags: 1
  m_CorrespondingSourceObject: {fileID: 0}
  m_PrefabInternal: {fileID: 100100000}
  m_GameObject: {fileID: 1156752312841500}
  m_LocalRotation: {x: 0, y: -0, z: -0, w: 1}
  m_LocalPosition: {x: 0.030779855, y: -0.000000009372842, z: -0.00000008780579}
  m_LocalScale: {x: 1, y: 1, z: 1}
  m_Children: []
  m_Father: {fileID: 4905924894030238}
  m_RootOrder: 0
  m_LocalEulerAnglesHint: {x: 0, y: 0, z: 0}
--- !u!4 &4213465029632866
Transform:
  m_ObjectHideFlags: 1
  m_CorrespondingSourceObject: {fileID: 0}
  m_PrefabInternal: {fileID: 100100000}
  m_GameObject: {fileID: 1473268446320128}
  m_LocalRotation: {x: -0.000003650786, y: 0.000000020896566, z: 0.0000000039579957,
    w: 1}
  m_LocalPosition: {x: -0.0024466943, y: -0.4204787, z: -0.02060231}
  m_LocalScale: {x: 1, y: 1, z: 1}
  m_Children:
  - {fileID: 4409525021371078}
  m_Father: {fileID: 4097631448011834}
  m_RootOrder: 0
  m_LocalEulerAnglesHint: {x: 0, y: 0, z: 0}
--- !u!4 &4218413817058416
Transform:
  m_ObjectHideFlags: 1
  m_CorrespondingSourceObject: {fileID: 0}
  m_PrefabInternal: {fileID: 100100000}
  m_GameObject: {fileID: 1025637635986056}
  m_LocalRotation: {x: 0.00000002980232, y: 0.000000029801548, z: -0.000000014902708,
    w: 1}
  m_LocalPosition: {x: 0.12147004, y: 0.00009890902, z: -0.022166314}
  m_LocalScale: {x: 1, y: 1, z: 1}
  m_Children:
  - {fileID: 4409676524384646}
  m_Father: {fileID: 4506391948883518}
  m_RootOrder: 3
  m_LocalEulerAnglesHint: {x: 0, y: 0, z: 0}
--- !u!4 &4218473780911868
Transform:
  m_ObjectHideFlags: 1
  m_CorrespondingSourceObject: {fileID: 0}
  m_PrefabInternal: {fileID: 100100000}
  m_GameObject: {fileID: 1413835227645118}
  m_LocalRotation: {x: -0.000000014901161, y: 0.000000029801548, z: -0.000000014902708,
    w: 1}
  m_LocalPosition: {x: 0.041366525, y: 0.000000004310631, z: 0.00000025609583}
  m_LocalScale: {x: 1, y: 1, z: 1}
  m_Children:
  - {fileID: 4571580442667032}
  m_Father: {fileID: 4777881492177726}
  m_RootOrder: 0
  m_LocalEulerAnglesHint: {x: 0, y: 0, z: 0}
--- !u!4 &4244457203412342
Transform:
  m_ObjectHideFlags: 1
  m_CorrespondingSourceObject: {fileID: 0}
  m_PrefabInternal: {fileID: 100100000}
  m_GameObject: {fileID: 1912905221906172}
  m_LocalRotation: {x: 0.000000059604638, y: 0.000000014897292, z: -0.00000007450657,
    w: 1}
  m_LocalPosition: {x: 0.03307317, y: 0.00000003760175, z: -0.00000021114596}
  m_LocalScale: {x: 1, y: 1, z: 1}
  m_Children:
  - {fileID: 4717117329153214}
  m_Father: {fileID: 4409676524384646}
  m_RootOrder: 0
  m_LocalEulerAnglesHint: {x: 0, y: 0, z: 0}
--- !u!4 &4256633310279018
Transform:
  m_ObjectHideFlags: 1
  m_CorrespondingSourceObject: {fileID: 0}
  m_PrefabInternal: {fileID: 100100000}
  m_GameObject: {fileID: 1754899530027522}
  m_LocalRotation: {x: -0.000018015498, y: -0.00000010461389, z: -0.0000000013931898,
    w: 1}
  m_LocalPosition: {x: 0.002446696, y: -0.42047998, z: -0.020576412}
  m_LocalScale: {x: 1, y: 1, z: 1}
  m_Children:
  - {fileID: 4589037268887478}
  m_Father: {fileID: 4257869280225370}
  m_RootOrder: 0
  m_LocalEulerAnglesHint: {x: 0, y: 0, z: 0}
--- !u!4 &4257869280225370
Transform:
  m_ObjectHideFlags: 1
  m_CorrespondingSourceObject: {fileID: 0}
  m_PrefabInternal: {fileID: 100100000}
  m_GameObject: {fileID: 1105860559904280}
  m_LocalRotation: {x: 0.000035527948, y: 0.000000089582485, z: 0.0000000041595536,
    w: 1}
  m_LocalPosition: {x: -0.0024468019, y: -0.40595403, z: -0.005170411}
  m_LocalScale: {x: 1, y: 1, z: 1}
  m_Children:
  - {fileID: 4256633310279018}
  m_Father: {fileID: 4722931176113422}
  m_RootOrder: 0
  m_LocalEulerAnglesHint: {x: 0, y: 0, z: 0}
--- !u!4 &4311869743888256
Transform:
  m_ObjectHideFlags: 1
  m_CorrespondingSourceObject: {fileID: 0}
  m_PrefabInternal: {fileID: 100100000}
  m_GameObject: {fileID: 1748574609722402}
  m_LocalRotation: {x: 0, y: -0, z: -2.3158745e-36, w: 1}
  m_LocalPosition: {x: -0.000000023707482, y: 0.1032183, z: 0.031424288}
  m_LocalScale: {x: 1, y: 1, z: 1}
  m_Children:
  - {fileID: 4853959555744278}
  - {fileID: 4887445386030566}
  - {fileID: 4632643189626178}
  m_Father: {fileID: 4022104387588912}
  m_RootOrder: 0
  m_LocalEulerAnglesHint: {x: 0, y: 0, z: 0}
--- !u!4 &4314081006454560
Transform:
  m_ObjectHideFlags: 1
  m_CorrespondingSourceObject: {fileID: 0}
  m_PrefabInternal: {fileID: 100100000}
  m_GameObject: {fileID: 1509100391897236}
  m_LocalRotation: {x: 1.3930912e-15, y: 0.00000001376344, z: -0.0000004417766, w: 1}
  m_LocalPosition: {x: 0.00000006757011, y: 0.9979194, z: 0.000000484474}
  m_LocalScale: {x: 1, y: 1, z: 1}
  m_Children:
  - {fileID: 4722931176113422}
  - {fileID: 4949338471567552}
  - {fileID: 4997265104288718}
  m_Father: {fileID: 4072539294501052}
  m_RootOrder: 2
  m_LocalEulerAnglesHint: {x: 0, y: 0, z: 0}
--- !u!4 &4322386807629658
Transform:
  m_ObjectHideFlags: 1
  m_CorrespondingSourceObject: {fileID: 0}
  m_PrefabInternal: {fileID: 100100000}
  m_GameObject: {fileID: 1403774945127120}
  m_LocalRotation: {x: 0, y: -0, z: -0, w: 1}
  m_LocalPosition: {x: -0, y: 0, z: 0}
  m_LocalScale: {x: 1, y: 1, z: 1}
  m_Children: []
  m_Father: {fileID: 4072539294501052}
  m_RootOrder: 1
  m_LocalEulerAnglesHint: {x: 0, y: 0, z: 0}
--- !u!4 &4357950660276804
Transform:
  m_ObjectHideFlags: 1
  m_CorrespondingSourceObject: {fileID: 0}
  m_PrefabInternal: {fileID: 100100000}
  m_GameObject: {fileID: 1681555873402502}
  m_LocalRotation: {x: 0.00000005960464, y: -0.000000014900386, z: 0.000000014901934,
    w: 1}
  m_LocalPosition: {x: -0.03307317, y: 0.000000045317442, z: -0.00000020893265}
  m_LocalScale: {x: 1, y: 1, z: 1}
  m_Children:
  - {fileID: 4755710242906214}
  m_Father: {fileID: 4914162178551242}
  m_RootOrder: 0
  m_LocalEulerAnglesHint: {x: 0, y: 0, z: 0}
--- !u!4 &4371042658176160
Transform:
  m_ObjectHideFlags: 1
  m_CorrespondingSourceObject: {fileID: 0}
  m_PrefabInternal: {fileID: 100100000}
  m_GameObject: {fileID: 1897136795650734}
  m_LocalRotation: {x: -0.0000051025772, y: 0.000009561153, z: 0.00000076763865, w: 1}
  m_LocalPosition: {x: -0.033943586, y: -0.019597441, z: 0.019597929}
  m_LocalScale: {x: 1, y: 1, z: 1}
  m_Children:
  - {fileID: 4605973348090094}
  m_Father: {fileID: 4720434422325330}
  m_RootOrder: 0
  m_LocalEulerAnglesHint: {x: 0, y: 0, z: 0}
--- !u!4 &4372411784345738
Transform:
  m_ObjectHideFlags: 1
  m_CorrespondingSourceObject: {fileID: 0}
  m_PrefabInternal: {fileID: 100100000}
  m_GameObject: {fileID: 1237760317104500}
  m_LocalRotation: {x: 0, y: -0, z: -0, w: 1}
  m_LocalPosition: {x: 0.029238692, y: 0.00000000641227, z: 0.00000018695744}
  m_LocalScale: {x: 1, y: 1, z: 1}
  m_Children: []
  m_Father: {fileID: 4571580442667032}
  m_RootOrder: 0
  m_LocalEulerAnglesHint: {x: 0, y: 0, z: 0}
--- !u!4 &4386911156776720
Transform:
  m_ObjectHideFlags: 1
  m_CorrespondingSourceObject: {fileID: 0}
  m_PrefabInternal: {fileID: 100100000}
  m_GameObject: {fileID: 1832380578043560}
  m_LocalRotation: {x: 0.000000044703484, y: 2.4507967e-22, z: 0.000000044703484,
    w: 1}
  m_LocalPosition: {x: -0.12655036, y: -0.0026593448, z: -0.026009219}
  m_LocalScale: {x: 1, y: 1, z: 1}
  m_Children:
  - {fileID: 4621695703887242}
  m_Father: {fileID: 4066862237532156}
  m_RootOrder: 0
  m_LocalEulerAnglesHint: {x: 0, y: 0, z: 0}
--- !u!4 &4400297641035072
Transform:
  m_ObjectHideFlags: 1
  m_CorrespondingSourceObject: {fileID: 0}
  m_PrefabInternal: {fileID: 100100000}
  m_GameObject: {fileID: 1711807488717344}
  m_LocalRotation: {x: 3.2786822e-16, y: -7.7005665e-13, z: -0.000000014901165, w: 1}
  m_LocalPosition: {x: -0.0345976, y: 0.000000005432471, z: -0.00000026419679}
  m_LocalScale: {x: 1, y: 1, z: 1}
  m_Children:
  - {fileID: 4812724805133900}
  m_Father: {fileID: 4721609476856462}
  m_RootOrder: 0
  m_LocalEulerAnglesHint: {x: 0, y: 0, z: 0}
--- !u!4 &4409525021371078
Transform:
  m_ObjectHideFlags: 1
  m_CorrespondingSourceObject: {fileID: 0}
  m_PrefabInternal: {fileID: 100100000}
  m_GameObject: {fileID: 1391219318461834}
  m_LocalRotation: {x: 0.000000029802322, y: 6.530776e-11, z: -2.3527402e-10, w: 1}
  m_LocalPosition: {x: 0.0037335984, y: -0.10492194, z: 0.12640662}
  m_LocalScale: {x: 1, y: 1, z: 1}
  m_Children:
  - {fileID: 4430046945822168}
  m_Father: {fileID: 4213465029632866}
  m_RootOrder: 0
  m_LocalEulerAnglesHint: {x: 0, y: 0, z: 0}
--- !u!4 &4409676524384646
Transform:
  m_ObjectHideFlags: 1
  m_CorrespondingSourceObject: {fileID: 0}
  m_PrefabInternal: {fileID: 100100000}
  m_GameObject: {fileID: 1189911533603162}
  m_LocalRotation: {x: -0.000000029802319, y: -0.000000029799999, z: 0.000000044705025,
    w: 1}
  m_LocalPosition: {x: 0.036011904, y: 0.0000000023856512, z: 0.0000003486698}
  m_LocalScale: {x: 1, y: 1, z: 1}
  m_Children:
  - {fileID: 4244457203412342}
  m_Father: {fileID: 4218413817058416}
  m_RootOrder: 0
  m_LocalEulerAnglesHint: {x: 0, y: 0, z: 0}
--- !u!4 &4430046945822168
Transform:
  m_ObjectHideFlags: 1
  m_CorrespondingSourceObject: {fileID: 0}
  m_PrefabInternal: {fileID: 100100000}
  m_GameObject: {fileID: 1870908132303494}
  m_LocalRotation: {x: 0, y: -0, z: -0, w: 1}
  m_LocalPosition: {x: -0.0000000011347395, y: 0.000000004587741, z: 0.09992521}
  m_LocalScale: {x: 1, y: 1, z: 1}
  m_Children: []
  m_Father: {fileID: 4409525021371078}
  m_RootOrder: 0
  m_LocalEulerAnglesHint: {x: 0, y: 0, z: 0}
--- !u!4 &4506391948883518
Transform:
  m_ObjectHideFlags: 1
  m_CorrespondingSourceObject: {fileID: 0}
  m_PrefabInternal: {fileID: 100100000}
  m_GameObject: {fileID: 1344150825459466}
  m_LocalRotation: {x: 0.000025987818, y: -0.000000044703476, z: 1.1585687e-12, w: 1}
  m_LocalPosition: {x: 0.27614462, y: 0.00000022661457, z: 0.0000001832407}
  m_LocalScale: {x: 1, y: 1, z: 1}
  m_Children:
  - {fileID: 4845219134178556}
  - {fileID: 4081562764168918}
  - {fileID: 4777881492177726}
  - {fileID: 4218413817058416}
  - {fileID: 4795174244421272}
  - {fileID: 4626207181801906}
  m_Father: {fileID: 4920576589785180}
  m_RootOrder: 0
  m_LocalEulerAnglesHint: {x: 0, y: 0, z: 0}
--- !u!4 &4571580442667032
Transform:
  m_ObjectHideFlags: 1
  m_CorrespondingSourceObject: {fileID: 0}
  m_PrefabInternal: {fileID: 100100000}
  m_GameObject: {fileID: 1331807181010188}
  m_LocalRotation: {x: -0.00000008940697, y: -6.912583e-20, z: -1.3322676e-15, w: 1}
  m_LocalPosition: {x: 0.025948359, y: -0.000000009571486, z: -0.00000036661154}
  m_LocalScale: {x: 1, y: 1, z: 1}
  m_Children:
  - {fileID: 4372411784345738}
  m_Father: {fileID: 4218473780911868}
  m_RootOrder: 0
  m_LocalEulerAnglesHint: {x: 0, y: 0, z: 0}
--- !u!4 &4575498216969606
Transform:
  m_ObjectHideFlags: 1
  m_CorrespondingSourceObject: {fileID: 0}
  m_PrefabInternal: {fileID: 100100000}
  m_GameObject: {fileID: 1503153412557170}
  m_LocalRotation: {x: 0.00000007450581, y: -7.738312e-13, z: -0.000000014901161,
    w: 1}
  m_LocalPosition: {x: -0.12266614, y: -0.0023166884, z: 0.028220579}
  m_LocalScale: {x: 1, y: 1, z: 1}
  m_Children:
  - {fileID: 4196363722236364}
  m_Father: {fileID: 4903589112833940}
  m_RootOrder: 0
  m_LocalEulerAnglesHint: {x: 0, y: 0, z: 0}
--- !u!4 &4589037268887478
Transform:
  m_ObjectHideFlags: 1
  m_CorrespondingSourceObject: {fileID: 0}
  m_PrefabInternal: {fileID: 100100000}
  m_GameObject: {fileID: 1591890927189754}
  m_LocalRotation: {x: 0.000000004649337, y: 1.1698642e-10, z: 9.313231e-10, w: 1}
  m_LocalPosition: {x: -0.0037335982, y: -0.10492193, z: 0.12640664}
  m_LocalScale: {x: 1, y: 1, z: 1}
  m_Children:
  - {fileID: 4884954198990996}
  m_Father: {fileID: 4256633310279018}
  m_RootOrder: 0
  m_LocalEulerAnglesHint: {x: 0, y: 0, z: 0}
--- !u!4 &4605973348090094
Transform:
  m_ObjectHideFlags: 1
  m_CorrespondingSourceObject: {fileID: 0}
  m_PrefabInternal: {fileID: 100100000}
  m_GameObject: {fileID: 1445283384149512}
  m_LocalRotation: {x: 0, y: -0, z: -0, w: 1}
  m_LocalPosition: {x: -0.026794039, y: -0.015469446, z: 0.0154692}
  m_LocalScale: {x: 1, y: 1, z: 1}
  m_Children: []
  m_Father: {fileID: 4371042658176160}
  m_RootOrder: 0
  m_LocalEulerAnglesHint: {x: 0, y: 0, z: 0}
--- !u!4 &4608276714543046
Transform:
  m_ObjectHideFlags: 1
  m_CorrespondingSourceObject: {fileID: 0}
  m_PrefabInternal: {fileID: 100100000}
  m_GameObject: {fileID: 1431992086383602}
  m_LocalRotation: {x: 0.000000059604645, y: 0.000000029804642, z: 0.000000044701938,
    w: 1}
  m_LocalPosition: {x: 0.0345976, y: -0.0000000019721824, z: -0.0000002645789}
  m_LocalScale: {x: 1, y: 1, z: 1}
  m_Children:
  - {fileID: 4830904317256374}
  m_Father: {fileID: 4014250499101914}
  m_RootOrder: 0
  m_LocalEulerAnglesHint: {x: 0, y: 0, z: 0}
--- !u!4 &4612853247231210
Transform:
  m_ObjectHideFlags: 1
  m_CorrespondingSourceObject: {fileID: 0}
  m_PrefabInternal: {fileID: 100100000}
  m_GameObject: {fileID: 1292061731899866}
  m_LocalRotation: {x: 0, y: -0, z: -0, w: 1}
  m_LocalPosition: {x: 0.026794035, y: -0.015469455, z: 0.015469198}
  m_LocalScale: {x: 1, y: 1, z: 1}
  m_Children: []
  m_Father: {fileID: 4903550464231644}
  m_RootOrder: 0
  m_LocalEulerAnglesHint: {x: 0, y: 0, z: 0}
--- !u!4 &4621695703887242
Transform:
  m_ObjectHideFlags: 1
  m_CorrespondingSourceObject: {fileID: 0}
  m_PrefabInternal: {fileID: 100100000}
  m_GameObject: {fileID: 1307176729254502}
  m_LocalRotation: {x: -0.000000059604638, y: -0.000000003900862, z: -1.3205547e-24,
    w: 1}
  m_LocalPosition: {x: -0.27404684, y: 0.00000039126675, z: 0.000000065881096}
  m_LocalScale: {x: 1, y: 1, z: 1}
  m_Children:
  - {fileID: 4903589112833940}
  m_Father: {fileID: 4386911156776720}
  m_RootOrder: 0
  m_LocalEulerAnglesHint: {x: 0, y: 0, z: 0}
--- !u!4 &4626207181801906
Transform:
  m_ObjectHideFlags: 1
  m_CorrespondingSourceObject: {fileID: 0}
  m_PrefabInternal: {fileID: 100100000}
  m_GameObject: {fileID: 1354149165240566}
  m_LocalRotation: {x: -0.70710677, y: -0.00018510669, z: -0.70710677, w: -0.00018510669}
  m_LocalPosition: {x: 0.478, y: -0.027, z: 0.008}
  m_LocalScale: {x: 0.13, y: 0.08, z: 1}
  m_Children: []
  m_Father: {fileID: 4506391948883518}
  m_RootOrder: 5
  m_LocalEulerAnglesHint: {x: 0, y: 90, z: -180.03}
--- !u!4 &4630989085468196
Transform:
  m_ObjectHideFlags: 1
  m_CorrespondingSourceObject: {fileID: 0}
  m_PrefabInternal: {fileID: 100100000}
  m_GameObject: {fileID: 1024636373124684}
  m_LocalRotation: {x: 0.00000002980232, y: -0.000000014900387, z: 0.000000014901936,
    w: 1}
  m_LocalPosition: {x: -0.041366525, y: 0.000000022999533, z: 0.00000026898434}
  m_LocalScale: {x: 1, y: 1, z: 1}
  m_Children:
  - {fileID: 4790122689247862}
  m_Father: {fileID: 4154868438026324}
  m_RootOrder: 0
  m_LocalEulerAnglesHint: {x: 0, y: 0, z: 0}
--- !u!4 &4632643189626178
Transform:
  m_ObjectHideFlags: 1
  m_CorrespondingSourceObject: {fileID: 0}
  m_PrefabInternal: {fileID: 100100000}
  m_GameObject: {fileID: 1373831880170182}
  m_LocalRotation: {x: 0, y: -0, z: -0, w: 1}
  m_LocalPosition: {x: 0.029444808, y: 0.07681745, z: 0.091204956}
  m_LocalScale: {x: 1, y: 1, z: 1}
  m_Children: []
  m_Father: {fileID: 4311869743888256}
  m_RootOrder: 2
  m_LocalEulerAnglesHint: {x: 0, y: 0, z: 0}
--- !u!4 &4636738117384800
Transform:
  m_ObjectHideFlags: 1
  m_CorrespondingSourceObject: {fileID: 0}
  m_PrefabInternal: {fileID: 100100000}
  m_GameObject: {fileID: 1548306103326748}
  m_LocalRotation: {x: 0.000000014901161, y: 7.7756505e-24, z: 0.000000044703484,
    w: 1}
  m_LocalPosition: {x: 0.1265504, y: -0.0026602063, z: -0.026008958}
  m_LocalScale: {x: 1, y: 1, z: 1}
  m_Children:
  - {fileID: 4920576589785180}
  m_Father: {fileID: 4685794576170558}
  m_RootOrder: 0
  m_LocalEulerAnglesHint: {x: 0, y: 0, z: 0}
--- !u!4 &4685794576170558
Transform:
  m_ObjectHideFlags: 1
  m_CorrespondingSourceObject: {fileID: 0}
  m_PrefabInternal: {fileID: 100100000}
  m_GameObject: {fileID: 1500718351968550}
  m_LocalRotation: {x: -0.000000014901161, y: 4.2632564e-14, z: -0.000000044703256,
    w: 1}
  m_LocalPosition: {x: 0.06105696, y: 0.09110509, z: 0.007055634}
  m_LocalScale: {x: 1, y: 1, z: 1}
  m_Children:
  - {fileID: 4636738117384800}
  m_Father: {fileID: 4905260281798356}
  m_RootOrder: 2
  m_LocalEulerAnglesHint: {x: 0, y: 0, z: 0}
--- !u!4 &4717117329153214
Transform:
  m_ObjectHideFlags: 1
  m_CorrespondingSourceObject: {fileID: 0}
  m_PrefabInternal: {fileID: 100100000}
  m_GameObject: {fileID: 1426081263169216}
  m_LocalRotation: {x: 0, y: -0, z: -0, w: 1}
  m_LocalPosition: {x: 0.036601152, y: 0.00000002046845, z: 0.000000006718011}
  m_LocalScale: {x: 1, y: 1, z: 1}
  m_Children: []
  m_Father: {fileID: 4244457203412342}
  m_RootOrder: 0
  m_LocalEulerAnglesHint: {x: 0, y: 0, z: 0}
--- !u!4 &4720434422325330
Transform:
  m_ObjectHideFlags: 1
  m_CorrespondingSourceObject: {fileID: 0}
  m_PrefabInternal: {fileID: 100100000}
  m_GameObject: {fileID: 1364543891216798}
  m_LocalRotation: {x: 0.000005132493, y: -0.0000031770362, z: 0.0000056908543, w: 1}
  m_LocalPosition: {x: -0.03675443, y: -0.021220079, z: 0.021220123}
  m_LocalScale: {x: 1, y: 1, z: 1}
  m_Children:
  - {fileID: 4371042658176160}
  m_Father: {fileID: 4849084070162858}
  m_RootOrder: 0
  m_LocalEulerAnglesHint: {x: 0, y: 0, z: 0}
--- !u!4 &4721609476856462
Transform:
  m_ObjectHideFlags: 1
  m_CorrespondingSourceObject: {fileID: 0}
  m_PrefabInternal: {fileID: 100100000}
  m_GameObject: {fileID: 1297347127935646}
  m_LocalRotation: {x: -0.000000014901161, y: 0.000000014901165, z: -7.764959e-13,
    w: 1}
  m_LocalPosition: {x: -0.036139715, y: 0.000000026601377, z: 0.000000024623631}
  m_LocalScale: {x: 1, y: 1, z: 1}
  m_Children:
  - {fileID: 4400297641035072}
  m_Father: {fileID: 4072891927134498}
  m_RootOrder: 0
  m_LocalEulerAnglesHint: {x: 0, y: 0, z: 0}
--- !u!4 &4722931176113422
Transform:
  m_ObjectHideFlags: 1
  m_CorrespondingSourceObject: {fileID: 0}
  m_PrefabInternal: {fileID: 100100000}
  m_GameObject: {fileID: 1311197636206640}
  m_LocalRotation: {x: -0.000017517097, y: -0.000000013640878, z: 0.00000043808052,
    w: 1}
  m_LocalPosition: {x: -0.091244526, y: -0.06656399, z: -0.00055377925}
  m_LocalScale: {x: 1, y: 1, z: 1}
  m_Children:
  - {fileID: 4257869280225370}
  m_Father: {fileID: 4314081006454560}
  m_RootOrder: 0
  m_LocalEulerAnglesHint: {x: 0, y: 0, z: 0}
--- !u!4 &4755710242906214
Transform:
  m_ObjectHideFlags: 1
  m_CorrespondingSourceObject: {fileID: 0}
  m_PrefabInternal: {fileID: 100100000}
  m_GameObject: {fileID: 1188304336407980}
  m_LocalRotation: {x: 0, y: -0, z: -0, w: 1}
  m_LocalPosition: {x: -0.036601152, y: 0.00000002906111, z: 4.5477133e-10}
  m_LocalScale: {x: 1, y: 1, z: 1}
  m_Children: []
  m_Father: {fileID: 4357950660276804}
  m_RootOrder: 0
  m_LocalEulerAnglesHint: {x: 0, y: 0, z: 0}
--- !u!4 &4760237745481220
Transform:
  m_ObjectHideFlags: 1
  m_CorrespondingSourceObject: {fileID: 0}
  m_PrefabInternal: {fileID: 100100000}
  m_GameObject: {fileID: 1866448687493124}
  m_LocalRotation: {x: 0, y: -0, z: -0, w: 1}
  m_LocalPosition: {x: -0.029238692, y: 0.000000014407377, z: 0.00000018732128}
  m_LocalScale: {x: 1, y: 1, z: 1}
  m_Children: []
  m_Father: {fileID: 4790122689247862}
  m_RootOrder: 0
  m_LocalEulerAnglesHint: {x: 0, y: 0, z: 0}
--- !u!4 &4767085816738154
Transform:
  m_ObjectHideFlags: 1
  m_CorrespondingSourceObject: {fileID: 0}
  m_PrefabInternal: {fileID: 100100000}
  m_GameObject: {fileID: 1807433697802214}
  m_LocalRotation: {x: 7.528409e-15, y: 0.0000000148980766, z: -0.000000059605426,
    w: 1}
  m_LocalPosition: {x: -0.03415161, y: 0.000000005749108, z: -0.00000008770533}
  m_LocalScale: {x: 1, y: 1, z: 1}
  m_Children:
  - {fileID: 4107890086469436}
  m_Father: {fileID: 4196363722236364}
  m_RootOrder: 0
  m_LocalEulerAnglesHint: {x: 0, y: 0, z: 0}
--- !u!4 &4777881492177726
Transform:
  m_ObjectHideFlags: 1
  m_CorrespondingSourceObject: {fileID: 0}
  m_PrefabInternal: {fileID: 100100000}
  m_GameObject: {fileID: 1218306343405242}
  m_LocalRotation: {x: 0.00000007450581, y: 7.7383114e-13, z: 0.000000014901159, w: 1}
  m_LocalPosition: {x: 0.10908193, y: -0.002263685, z: -0.0472582}
  m_LocalScale: {x: 1, y: 1, z: 1}
  m_Children:
  - {fileID: 4218473780911868}
  m_Father: {fileID: 4506391948883518}
  m_RootOrder: 2
  m_LocalEulerAnglesHint: {x: 0, y: 0, z: 0}
--- !u!4 &4778892219045312
Transform:
  m_ObjectHideFlags: 1
  m_CorrespondingSourceObject: {fileID: 0}
  m_PrefabInternal: {fileID: 100100000}
  m_GameObject: {fileID: 1820492916630398}
  m_LocalRotation: {x: 0.000005132493, y: 0.0000031770373, z: -0.000005675953, w: 1}
  m_LocalPosition: {x: 0.036754426, y: -0.021220084, z: 0.021220122}
  m_LocalScale: {x: 1, y: 1, z: 1}
  m_Children:
  - {fileID: 4903550464231644}
  m_Father: {fileID: 4795174244421272}
  m_RootOrder: 0
  m_LocalEulerAnglesHint: {x: 0, y: 0, z: 0}
--- !u!4 &4790122689247862
Transform:
  m_ObjectHideFlags: 1
  m_CorrespondingSourceObject: {fileID: 0}
  m_PrefabInternal: {fileID: 100100000}
  m_GameObject: {fileID: 1497806069408592}
  m_LocalRotation: {x: -0.000000059604645, y: -0.000000029803868, z: -0.000000029800773,
    w: 1}
  m_LocalPosition: {x: -0.025948359, y: 5.93904e-10, z: -0.00000036009018}
  m_LocalScale: {x: 1, y: 1, z: 1}
  m_Children:
  - {fileID: 4760237745481220}
  m_Father: {fileID: 4630989085468196}
  m_RootOrder: 0
  m_LocalEulerAnglesHint: {x: 0, y: 0, z: 0}
--- !u!4 &4795174244421272
Transform:
  m_ObjectHideFlags: 1
  m_CorrespondingSourceObject: {fileID: 0}
  m_PrefabInternal: {fileID: 100100000}
  m_GameObject: {fileID: 1015258140469164}
  m_LocalRotation: {x: -0.000010383226, y: -0.000008450052, z: 0.000009578869, w: 1}
  m_LocalPosition: {x: 0.03788809, y: -0.02166998, z: 0.030030873}
  m_LocalScale: {x: 1, y: 1, z: 1}
  m_Children:
  - {fileID: 4778892219045312}
  m_Father: {fileID: 4506391948883518}
  m_RootOrder: 4
  m_LocalEulerAnglesHint: {x: 0, y: 0, z: 0}
--- !u!4 &4812724805133900
Transform:
  m_ObjectHideFlags: 1
  m_CorrespondingSourceObject: {fileID: 0}
  m_PrefabInternal: {fileID: 100100000}
  m_GameObject: {fileID: 1498963764094174}
  m_LocalRotation: {x: 0, y: -0, z: -0, w: 1}
  m_LocalPosition: {x: -0.036801923, y: -8.559337e-10, z: 0.00000032769248}
  m_LocalScale: {x: 1, y: 1, z: 1}
  m_Children: []
  m_Father: {fileID: 4400297641035072}
  m_RootOrder: 0
  m_LocalEulerAnglesHint: {x: 0, y: 0, z: 0}
--- !u!4 &4830904317256374
Transform:
  m_ObjectHideFlags: 1
  m_CorrespondingSourceObject: {fileID: 0}
  m_PrefabInternal: {fileID: 100100000}
  m_GameObject: {fileID: 1006746371848286}
  m_LocalRotation: {x: 0, y: -0, z: -0, w: 1}
  m_LocalPosition: {x: 0.036801923, y: -0.000000006576055, z: 0.00000032509809}
  m_LocalScale: {x: 1, y: 1, z: 1}
  m_Children: []
  m_Father: {fileID: 4608276714543046}
  m_RootOrder: 0
  m_LocalEulerAnglesHint: {x: 0, y: 0, z: 0}
--- !u!4 &4845219134178556
Transform:
  m_ObjectHideFlags: 1
  m_CorrespondingSourceObject: {fileID: 0}
  m_PrefabInternal: {fileID: 100100000}
  m_GameObject: {fileID: 1321087687877952}
  m_LocalRotation: {x: 0.000000014901163, y: 7.7294296e-13, z: 0.00000001490116, w: 1}
  m_LocalPosition: {x: 0.12266616, y: -0.002316732, z: 0.028220555}
  m_LocalScale: {x: 1, y: 1, z: 1}
  m_Children:
  - {fileID: 4905692783037792}
  m_Father: {fileID: 4506391948883518}
  m_RootOrder: 0
  m_LocalEulerAnglesHint: {x: 0, y: 0, z: 0}
--- !u!4 &4849084070162858
Transform:
  m_ObjectHideFlags: 1
  m_CorrespondingSourceObject: {fileID: 0}
  m_PrefabInternal: {fileID: 100100000}
  m_GameObject: {fileID: 1675472807381468}
  m_LocalRotation: {x: -0.000010383226, y: 0.000008450052, z: -0.000009578869, w: 1}
  m_LocalPosition: {x: -0.037888095, y: -0.021669967, z: 0.03003088}
  m_LocalScale: {x: 1, y: 1, z: 1}
  m_Children:
  - {fileID: 4720434422325330}
  m_Father: {fileID: 4903589112833940}
  m_RootOrder: 4
  m_LocalEulerAnglesHint: {x: 0, y: 0, z: 0}
--- !u!4 &4850929036734210
Transform:
  m_ObjectHideFlags: 1
  m_CorrespondingSourceObject: {fileID: 0}
  m_PrefabInternal: {fileID: 100100000}
  m_GameObject: {fileID: 1469547946773162}
  m_LocalRotation: {x: 3.8774097e-26, y: -4.2632574e-14, z: 6.82121e-13, w: 1}
  m_LocalPosition: {x: 0.0000013886521, y: 0.1164544, z: -0.014223412}
  m_LocalScale: {x: 1, y: 1, z: 1}
  m_Children:
  - {fileID: 4905260281798356}
  m_Father: {fileID: 4997265104288718}
  m_RootOrder: 0
  m_LocalEulerAnglesHint: {x: 0, y: 0, z: 0}
--- !u!4 &4853959555744278
Transform:
  m_ObjectHideFlags: 1
  m_CorrespondingSourceObject: {fileID: 0}
  m_PrefabInternal: {fileID: 100100000}
  m_GameObject: {fileID: 1793044108071412}
  m_LocalRotation: {x: 0, y: -0, z: -0, w: 1}
  m_LocalPosition: {x: -0.0000015417259, y: 0.18474671, z: 0.06636399}
  m_LocalScale: {x: 1, y: 1, z: 1}
  m_Children: []
  m_Father: {fileID: 4311869743888256}
  m_RootOrder: 0
  m_LocalEulerAnglesHint: {x: 0, y: 0, z: 0}
--- !u!4 &4854061620315048
Transform:
  m_ObjectHideFlags: 1
  m_CorrespondingSourceObject: {fileID: 0}
  m_PrefabInternal: {fileID: 100100000}
  m_GameObject: {fileID: 1908692005001636}
  m_LocalRotation: {x: 0.00000002980232, y: -0.000000029801548, z: 0.000000014902708,
    w: 1}
  m_LocalPosition: {x: -0.12147005, y: 0.00009894983, z: -0.022166291}
  m_LocalScale: {x: 1, y: 1, z: 1}
  m_Children:
  - {fileID: 4914162178551242}
  m_Father: {fileID: 4903589112833940}
  m_RootOrder: 3
  m_LocalEulerAnglesHint: {x: 0, y: 0, z: 0}
--- !u!4 &4877852513323182
Transform:
  m_ObjectHideFlags: 1
  m_CorrespondingSourceObject: {fileID: 0}
  m_PrefabInternal: {fileID: 100100000}
  m_GameObject: {fileID: 1339997673700660}
  m_LocalRotation: {x: 0, y: -0, z: -0, w: 1}
  m_LocalPosition: {x: -0, y: 0, z: 0}
  m_LocalScale: {x: 1, y: 1, z: 1}
  m_Children: []
  m_Father: {fileID: 4072539294501052}
  m_RootOrder: 0
  m_LocalEulerAnglesHint: {x: 0, y: 0, z: 0}
--- !u!4 &4884954198990996
Transform:
  m_ObjectHideFlags: 1
  m_CorrespondingSourceObject: {fileID: 0}
  m_PrefabInternal: {fileID: 100100000}
  m_GameObject: {fileID: 1029757491879570}
  m_LocalRotation: {x: 0, y: -0, z: -0, w: 1}
  m_LocalPosition: {x: 0.000000002053664, y: 0.000000009634096, z: 0.09992521}
  m_LocalScale: {x: 1, y: 1, z: 1}
  m_Children: []
  m_Father: {fileID: 4589037268887478}
  m_RootOrder: 0
  m_LocalEulerAnglesHint: {x: 0, y: 0, z: 0}
--- !u!4 &4887445386030566
Transform:
  m_ObjectHideFlags: 1
  m_CorrespondingSourceObject: {fileID: 0}
  m_PrefabInternal: {fileID: 100100000}
  m_GameObject: {fileID: 1566841451946342}
  m_LocalRotation: {x: 0, y: -0, z: -0, w: 1}
  m_LocalPosition: {x: -0.02947915, y: 0.07681745, z: 0.09120731}
  m_LocalScale: {x: 1, y: 1, z: 1}
  m_Children: []
  m_Father: {fileID: 4311869743888256}
  m_RootOrder: 1
  m_LocalEulerAnglesHint: {x: 0, y: 0, z: 0}
--- !u!4 &4903550464231644
Transform:
  m_ObjectHideFlags: 1
  m_CorrespondingSourceObject: {fileID: 0}
  m_PrefabInternal: {fileID: 100100000}
  m_GameObject: {fileID: 1024759150956314}
  m_LocalRotation: {x: -0.0000050727735, y: -0.000009561156, z: -0.0000007974416,
    w: 1}
  m_LocalPosition: {x: 0.03394358, y: -0.019597458, z: 0.019597925}
  m_LocalScale: {x: 1, y: 1, z: 1}
  m_Children:
  - {fileID: 4612853247231210}
  m_Father: {fileID: 4778892219045312}
  m_RootOrder: 0
  m_LocalEulerAnglesHint: {x: 0, y: 0, z: 0}
--- !u!4 &4903589112833940
Transform:
  m_ObjectHideFlags: 1
  m_CorrespondingSourceObject: {fileID: 0}
  m_PrefabInternal: {fileID: 100100000}
  m_GameObject: {fileID: 1197405738327030}
  m_LocalRotation: {x: 0.000025987818, y: 0.000000044703476, z: -1.1585687e-12, w: 1}
  m_LocalPosition: {x: -0.27614462, y: 0.00000028951808, z: 0.00000019646586}
  m_LocalScale: {x: 1, y: 1, z: 1}
  m_Children:
  - {fileID: 4575498216969606}
  - {fileID: 4072891927134498}
  - {fileID: 4154868438026324}
  - {fileID: 4854061620315048}
  - {fileID: 4849084070162858}
  m_Father: {fileID: 4621695703887242}
  m_RootOrder: 0
  m_LocalEulerAnglesHint: {x: 0, y: 0, z: 0}
--- !u!4 &4905260281798356
Transform:
  m_ObjectHideFlags: 1
  m_CorrespondingSourceObject: {fileID: 0}
  m_PrefabInternal: {fileID: 100100000}
  m_GameObject: {fileID: 1903893112204424}
  m_LocalRotation: {x: 0, y: 0, z: 1.8056423e-35, w: 1}
  m_LocalPosition: {x: -0.00000091440717, y: 0.13360204, z: -0.016264597}
  m_LocalScale: {x: 1, y: 1, z: 1}
  m_Children:
  - {fileID: 4066862237532156}
  - {fileID: 4022104387588912}
  - {fileID: 4685794576170558}
  m_Father: {fileID: 4850929036734210}
  m_RootOrder: 0
  m_LocalEulerAnglesHint: {x: 0, y: 0, z: 0}
--- !u!4 &4905692783037792
Transform:
  m_ObjectHideFlags: 1
  m_CorrespondingSourceObject: {fileID: 0}
  m_PrefabInternal: {fileID: 100100000}
  m_GameObject: {fileID: 1467282332830296}
  m_LocalRotation: {x: -0.000000044703484, y: -0.000000014901158, z: 7.7427507e-13,
    w: 1}
  m_LocalPosition: {x: 0.038919672, y: -7.205551e-10, z: 0.00000037513024}
  m_LocalScale: {x: 1, y: 1, z: 1}
  m_Children:
  - {fileID: 4905924894030238}
  m_Father: {fileID: 4845219134178556}
  m_RootOrder: 0
  m_LocalEulerAnglesHint: {x: 0, y: 0, z: 0}
--- !u!4 &4905924894030238
Transform:
  m_ObjectHideFlags: 1
  m_CorrespondingSourceObject: {fileID: 0}
  m_PrefabInternal: {fileID: 100100000}
  m_GameObject: {fileID: 1584059963358680}
  m_LocalRotation: {x: 0.000000029802326, y: 0.000000014902701, z: 0.000000029801555,
    w: 1}
  m_LocalPosition: {x: 0.03415161, y: 0.0000000025299138, z: -0.000000086058414}
  m_LocalScale: {x: 1, y: 1, z: 1}
  m_Children:
  - {fileID: 4212122425462860}
  m_Father: {fileID: 4905692783037792}
  m_RootOrder: 0
  m_LocalEulerAnglesHint: {x: 0, y: 0, z: 0}
--- !u!4 &4914162178551242
Transform:
  m_ObjectHideFlags: 1
  m_CorrespondingSourceObject: {fileID: 0}
  m_PrefabInternal: {fileID: 100100000}
  m_GameObject: {fileID: 1679912951548640}
  m_LocalRotation: {x: -0.000000029802319, y: 0.000000029799999, z: -0.000000044705025,
    w: 1}
  m_LocalPosition: {x: -0.036011904, y: 0.000000015129366, z: 0.0000003511219}
  m_LocalScale: {x: 1, y: 1, z: 1}
  m_Children:
  - {fileID: 4357950660276804}
  m_Father: {fileID: 4854061620315048}
  m_RootOrder: 0
  m_LocalEulerAnglesHint: {x: 0, y: 0, z: 0}
--- !u!4 &4920576589785180
Transform:
  m_ObjectHideFlags: 1
  m_CorrespondingSourceObject: {fileID: 0}
  m_PrefabInternal: {fileID: 100100000}
  m_GameObject: {fileID: 1272543899737352}
  m_LocalRotation: {x: -0.000000059604638, y: 0.000000003900862, z: -3.0876939e-15,
    w: 1}
  m_LocalPosition: {x: 0.27404684, y: 0.0000003288411, z: 0.000000052756395}
  m_LocalScale: {x: 1, y: 1, z: 1}
  m_Children:
  - {fileID: 4506391948883518}
  m_Father: {fileID: 4636738117384800}
  m_RootOrder: 0
  m_LocalEulerAnglesHint: {x: 0, y: 0, z: 0}
--- !u!4 &4949338471567552
Transform:
  m_ObjectHideFlags: 1
  m_CorrespondingSourceObject: {fileID: 0}
  m_PrefabInternal: {fileID: 100100000}
  m_GameObject: {fileID: 1486897297147904}
  m_LocalRotation: {x: -0.000002931613, y: -0.000000013649597, z: 0.00000043784848,
    w: 1}
  m_LocalPosition: {x: 0.09124453, y: -0.06656398, z: -0.00055377925}
  m_LocalScale: {x: 1, y: 1, z: 1}
  m_Children:
  - {fileID: 4097631448011834}
  m_Father: {fileID: 4314081006454560}
  m_RootOrder: 1
  m_LocalEulerAnglesHint: {x: 0, y: 0, z: 0}
--- !u!4 &4997265104288718
Transform:
  m_ObjectHideFlags: 1
  m_CorrespondingSourceObject: {fileID: 0}
  m_PrefabInternal: {fileID: 100100000}
  m_GameObject: {fileID: 1500552629989184}
  m_LocalRotation: {x: -1.3930783e-15, y: -0.00000001376344, z: 0.00000044177568,
    w: 1}
  m_LocalPosition: {x: -0.0000000056483196, y: 0.09923459, z: -0.012273348}
  m_LocalScale: {x: 1, y: 1, z: 1}
  m_Children:
  - {fileID: 4850929036734210}
  m_Father: {fileID: 4314081006454560}
  m_RootOrder: 2
  m_LocalEulerAnglesHint: {x: 0, y: 0, z: 0}
--- !u!23 &23663269051519050
MeshRenderer:
  m_ObjectHideFlags: 1
  m_CorrespondingSourceObject: {fileID: 0}
  m_PrefabInternal: {fileID: 100100000}
  m_GameObject: {fileID: 1354149165240566}
  m_Enabled: 1
  m_CastShadows: 1
  m_ReceiveShadows: 1
  m_DynamicOccludee: 1
  m_MotionVectors: 1
  m_LightProbeUsage: 1
  m_ReflectionProbeUsage: 1
  m_RenderingLayerMask: 4294967295
  m_Materials:
  - {fileID: 10303, guid: 0000000000000000f000000000000000, type: 0}
  m_StaticBatchInfo:
    firstSubMesh: 0
    subMeshCount: 0
  m_StaticBatchRoot: {fileID: 0}
  m_ProbeAnchor: {fileID: 0}
  m_LightProbeVolumeOverride: {fileID: 0}
  m_ScaleInLightmap: 1
  m_PreserveUVs: 0
  m_IgnoreNormalsForChartDetection: 0
  m_ImportantGI: 0
  m_StitchLightmapSeams: 0
  m_SelectedEditorRenderState: 3
  m_MinimumChartSize: 4
  m_AutoUVMaxDistance: 0.5
  m_AutoUVMaxAngle: 89
  m_LightmapParameters: {fileID: 0}
  m_SortingLayerID: 0
  m_SortingLayer: 0
  m_SortingOrder: 0
--- !u!33 &33894977736209688
MeshFilter:
  m_ObjectHideFlags: 1
  m_CorrespondingSourceObject: {fileID: 0}
  m_PrefabInternal: {fileID: 100100000}
  m_GameObject: {fileID: 1354149165240566}
  m_Mesh: {fileID: 10202, guid: 0000000000000000e000000000000000, type: 0}
--- !u!54 &54390774848437990
Rigidbody:
  m_ObjectHideFlags: 1
  m_CorrespondingSourceObject: {fileID: 0}
  m_PrefabInternal: {fileID: 100100000}
  m_GameObject: {fileID: 1067247155998942}
  serializedVersion: 2
  m_Mass: 1
  m_Drag: 0
  m_AngularDrag: 0.05
  m_UseGravity: 0
  m_IsKinematic: 0
  m_Interpolate: 0
  m_Constraints: 112
  m_CollisionDetection: 0
--- !u!65 &65365805309338344
BoxCollider:
  m_ObjectHideFlags: 1
  m_CorrespondingSourceObject: {fileID: 0}
  m_PrefabInternal: {fileID: 100100000}
  m_GameObject: {fileID: 1354149165240566}
  m_Material: {fileID: 0}
  m_IsTrigger: 0
  m_Enabled: 1
  serializedVersion: 2
  m_Size: {x: 1, y: 1, z: 1}
  m_Center: {x: 0, y: 0, z: 0}
--- !u!95 &95839069594537050
Animator:
  serializedVersion: 3
  m_ObjectHideFlags: 1
  m_CorrespondingSourceObject: {fileID: 0}
  m_PrefabInternal: {fileID: 100100000}
  m_GameObject: {fileID: 1067247155998942}
  m_Enabled: 1
  m_Avatar: {fileID: 9000000, guid: 30e8aee0a4c57704b95b13f1c0beef28, type: 3}
  m_Controller: {fileID: 9100000, guid: 732e265937fc2f344ab5a6a8e4de1b26, type: 2}
  m_CullingMode: 1
  m_UpdateMode: 0
  m_ApplyRootMotion: 1
  m_LinearVelocityBlending: 0
  m_WarningMessage: 
  m_HasTransformHierarchy: 1
  m_AllowConstantClipSamplingOptimization: 1
  m_KeepAnimatorControllerStateOnDisable: 0
--- !u!136 &136239554516645124
CapsuleCollider:
  m_ObjectHideFlags: 1
  m_CorrespondingSourceObject: {fileID: 0}
  m_PrefabInternal: {fileID: 100100000}
  m_GameObject: {fileID: 1067247155998942}
  m_Material: {fileID: 0}
  m_IsTrigger: 0
  m_Enabled: 1
  m_Radius: 0.3
  m_Height: 1.8
  m_Direction: 1
  m_Center: {x: 0, y: 0.9, z: 0}
--- !u!137 &137266572184269530
SkinnedMeshRenderer:
  m_ObjectHideFlags: 1
  m_CorrespondingSourceObject: {fileID: 0}
  m_PrefabInternal: {fileID: 100100000}
  m_GameObject: {fileID: 1339997673700660}
  m_Enabled: 1
  m_CastShadows: 1
  m_ReceiveShadows: 1
  m_DynamicOccludee: 1
  m_MotionVectors: 1
  m_LightProbeUsage: 1
  m_ReflectionProbeUsage: 1
  m_RenderingLayerMask: 4294967295
  m_Materials:
  - {fileID: 2100002, guid: 30e8aee0a4c57704b95b13f1c0beef28, type: 3}
  m_StaticBatchInfo:
    firstSubMesh: 0
    subMeshCount: 0
  m_StaticBatchRoot: {fileID: 0}
  m_ProbeAnchor: {fileID: 0}
  m_LightProbeVolumeOverride: {fileID: 0}
  m_ScaleInLightmap: 1
  m_PreserveUVs: 0
  m_IgnoreNormalsForChartDetection: 0
  m_ImportantGI: 0
  m_StitchLightmapSeams: 0
  m_SelectedEditorRenderState: 3
  m_MinimumChartSize: 4
  m_AutoUVMaxDistance: 0.5
  m_AutoUVMaxAngle: 89
  m_LightmapParameters: {fileID: 0}
  m_SortingLayerID: 0
  m_SortingLayer: 0
  m_SortingOrder: 0
  serializedVersion: 2
  m_Quality: 0
  m_UpdateWhenOffscreen: 0
  m_SkinnedMotionVectors: 1
  m_Mesh: {fileID: 4300002, guid: 30e8aee0a4c57704b95b13f1c0beef28, type: 3}
  m_Bones:
  - {fileID: 4314081006454560}
  - {fileID: 4997265104288718}
  - {fileID: 4850929036734210}
  - {fileID: 4905260281798356}
  - {fileID: 4022104387588912}
  - {fileID: 4311869743888256}
  - {fileID: 4066862237532156}
  - {fileID: 4386911156776720}
  - {fileID: 4621695703887242}
  - {fileID: 4903589112833940}
  - {fileID: 4072891927134498}
  - {fileID: 4721609476856462}
  - {fileID: 4400297641035072}
  - {fileID: 4849084070162858}
  - {fileID: 4720434422325330}
  - {fileID: 4371042658176160}
  - {fileID: 4575498216969606}
  - {fileID: 4196363722236364}
  - {fileID: 4767085816738154}
  - {fileID: 4854061620315048}
  - {fileID: 4914162178551242}
  - {fileID: 4357950660276804}
  - {fileID: 4154868438026324}
  - {fileID: 4630989085468196}
  - {fileID: 4790122689247862}
  - {fileID: 4685794576170558}
  - {fileID: 4636738117384800}
  - {fileID: 4920576589785180}
  - {fileID: 4506391948883518}
  - {fileID: 4081562764168918}
  - {fileID: 4014250499101914}
  - {fileID: 4608276714543046}
  - {fileID: 4795174244421272}
  - {fileID: 4778892219045312}
  - {fileID: 4903550464231644}
  - {fileID: 4845219134178556}
  - {fileID: 4905692783037792}
  - {fileID: 4905924894030238}
  - {fileID: 4218413817058416}
  - {fileID: 4409676524384646}
  - {fileID: 4244457203412342}
  - {fileID: 4777881492177726}
  - {fileID: 4218473780911868}
  - {fileID: 4571580442667032}
  - {fileID: 4949338471567552}
  - {fileID: 4097631448011834}
  - {fileID: 4213465029632866}
  - {fileID: 4409525021371078}
  - {fileID: 4722931176113422}
  - {fileID: 4257869280225370}
  - {fileID: 4256633310279018}
  - {fileID: 4589037268887478}
  m_BlendShapeWeights: []
  m_RootBone: {fileID: 4314081006454560}
  m_AABB:
    m_Center: {x: 0.0000009536743, y: -0.19487926, z: 0.001876384}
    m_Extent: {x: 0.94527346, y: 0.7953514, z: 0.1378017}
  m_DirtyAABB: 0
--- !u!137 &137965712534219730
SkinnedMeshRenderer:
  m_ObjectHideFlags: 1
  m_CorrespondingSourceObject: {fileID: 0}
  m_PrefabInternal: {fileID: 100100000}
  m_GameObject: {fileID: 1403774945127120}
  m_Enabled: 1
  m_CastShadows: 1
  m_ReceiveShadows: 1
  m_DynamicOccludee: 1
  m_MotionVectors: 1
  m_LightProbeUsage: 1
  m_ReflectionProbeUsage: 1
  m_RenderingLayerMask: 4294967295
  m_Materials:
  - {fileID: 2100000, guid: 30e8aee0a4c57704b95b13f1c0beef28, type: 3}
  m_StaticBatchInfo:
    firstSubMesh: 0
    subMeshCount: 0
  m_StaticBatchRoot: {fileID: 0}
  m_ProbeAnchor: {fileID: 0}
  m_LightProbeVolumeOverride: {fileID: 0}
  m_ScaleInLightmap: 1
  m_PreserveUVs: 0
  m_IgnoreNormalsForChartDetection: 0
  m_ImportantGI: 0
  m_StitchLightmapSeams: 0
  m_SelectedEditorRenderState: 3
  m_MinimumChartSize: 4
  m_AutoUVMaxDistance: 0.5
  m_AutoUVMaxAngle: 89
  m_LightmapParameters: {fileID: 0}
  m_SortingLayerID: 0
  m_SortingLayer: 0
  m_SortingOrder: 0
  serializedVersion: 2
  m_Quality: 0
  m_UpdateWhenOffscreen: 0
  m_SkinnedMotionVectors: 1
  m_Mesh: {fileID: 4300000, guid: 30e8aee0a4c57704b95b13f1c0beef28, type: 3}
  m_Bones:
  - {fileID: 4314081006454560}
  - {fileID: 4997265104288718}
  - {fileID: 4850929036734210}
  - {fileID: 4905260281798356}
  - {fileID: 4022104387588912}
  - {fileID: 4311869743888256}
  - {fileID: 4066862237532156}
  - {fileID: 4386911156776720}
  - {fileID: 4621695703887242}
  - {fileID: 4903589112833940}
  - {fileID: 4072891927134498}
  - {fileID: 4721609476856462}
  - {fileID: 4400297641035072}
  - {fileID: 4849084070162858}
  - {fileID: 4720434422325330}
  - {fileID: 4371042658176160}
  - {fileID: 4575498216969606}
  - {fileID: 4196363722236364}
  - {fileID: 4767085816738154}
  - {fileID: 4854061620315048}
  - {fileID: 4914162178551242}
  - {fileID: 4357950660276804}
  - {fileID: 4154868438026324}
  - {fileID: 4630989085468196}
  - {fileID: 4790122689247862}
  - {fileID: 4685794576170558}
  - {fileID: 4636738117384800}
  - {fileID: 4920576589785180}
  - {fileID: 4506391948883518}
  - {fileID: 4081562764168918}
  - {fileID: 4014250499101914}
  - {fileID: 4608276714543046}
  - {fileID: 4795174244421272}
  - {fileID: 4778892219045312}
  - {fileID: 4903550464231644}
  - {fileID: 4845219134178556}
  - {fileID: 4905692783037792}
  - {fileID: 4905924894030238}
  - {fileID: 4218413817058416}
  - {fileID: 4409676524384646}
  - {fileID: 4244457203412342}
  - {fileID: 4777881492177726}
  - {fileID: 4218473780911868}
  - {fileID: 4571580442667032}
  - {fileID: 4949338471567552}
  - {fileID: 4097631448011834}
  - {fileID: 4213465029632866}
  - {fileID: 4409525021371078}
  - {fileID: 4722931176113422}
  - {fileID: 4257869280225370}
  - {fileID: 4256633310279018}
  - {fileID: 4589037268887478}
  m_BlendShapeWeights: []
  m_RootBone: {fileID: 4314081006454560}
  m_AABB:
    m_Center: {x: 0.0000009536743, y: -0.09565458, z: 0.021622837}
    m_Extent: {x: 0.97342485, y: 0.90236723, z: 0.18213426}
  m_DirtyAABB: 0
